2193 2666
927 168 1152 203 ...4-

223 270 300 307 lius,
334 280 434 310 quum
468 267 610 299 eiusdem
645 267 761 298 comici
791 265 962 308 fragrneuta
981 264 1108 302 ederet,
1130 272 1234 304 neque
1255 266 1341 293 recte
1363 263 1539 304 proposuit,
1563 273 1665 305 neque
1685 264 1848 298 intellexit.

227 323 396 355 Laudatur
424 322 476 354 ille
515 321 600 354 locus
631 322 672 353 ab
692 321 855 353 Eustatbio
879 320 934 355 (ad
955 319 1071 362 Odyss.
1093 318 1126 358 ξ,
1148 329 1180 360 p.
1211 316 1284 360 1761
1300 340 1310 356 ‚
1331 317 1404 360 39.)
1429 318 1459 348 in
1490 318 1598 349 eadem
1627 317 1850 361 Aristophanis

221 379 415 421 grammatici
453 378 686 419 disputatione,
720 379 809 407 cuius
837 386 930 416 supra
958 374 1148 405 mentionem
1170 373 1317 411 fecimus,
1350 378 1447 413 etque
1466 374 1510 404 sic
1532 374 1697 404 exhibetur
1719 385 1737 404 a
1763 373 1850 404 Run-

223 433 306 464 kelio
336 444 365 474 p.
403 432 473 475 169.
502 432 618 475 fragm.
641 432 713 464 288.
735 431 792 462 καί
811 429 843 460 οῖ
866 427 972 468 ἐμετοί
991 427 1081 468 ἑμίαι
1095 450 1104 468 ,
1127 424 1171 463 οὖς
1193 427 1331 466 κοχλίαι.
1374 421 1516 463 Εὔπολις
1538 427 1574 458 δέ
1597 438 1696 470 φησιν
1716 427 1772 459 ἐπὶ
1790 429 1847 459 τοῦ

224 485 419 530 κακοφώνου

609 539 676 581 Τὴν
696 539 790 579 ε’μιὶιν
811 539 949 579 τίθησιν.

311 597 523 628 Scribendum
551 601 598 627 est
626 595 710 626 haud
738 595 846 633 dubie,
873 591 929 624 καί
950 589 980 624 οἱ
1003 591 1111 632 ἑμετοί
1130 589 1241 632 ἑμιῖιι,
1264 589 1309 629 ὥς
1330 592 1471 632 κοχλίαι.
1496 587 1638 629 Εὔπολις
1661 592 1714 630 δέ,
1739 592 1847 636 φησίν,

226 651 285 685 ὲπὶ
304 653 366 683 τοῦ
389 648 583 694 κακοφώνου
606 648 678 681 τὸν
696 649 814 688 ὲμιάν
834 649 972 689 τίθησιν.
1000 648 1081 679 Illud
1104 644 1204 690 φησίν
1227 659 1292 678 nou
1314 648 1512 678 referendum
1534 654 1581 678 est
1602 648 1640 678 ad
1651 649 1849 690 Eupolidem,

224 708 278 738 sed
308 708 348 738 ad
383 707 627 748 Aristophanem
673 705 925 746 grammaticum,
964 705 1012 734 uti
1037 714 1130 745 saepe
1162 705 1194 734 in
1218 704 1325 734 eadem
1354 703 1564 745 disputatione
1587 701 1670 744 φησί
1687 710 1742 735 aut
1766 704 1850 745 λέγει

225 764 388 794 inseritur.
426 761 563 803 Tc'ffiymv
585 771 647 791 non
682 758 846 801 Eupolidis
868 764 931 799 est,
952 759 1007 790 sed
1029 759 1248 801 Aristophanis
1279 758 1481 801 grammatici.
1538 759 1643 790 Pmba
1676 759 1768 791 lectio
1802 766 1849 791 est

224 817 282 849 τὸν
304 818 420 856 ἐμίαν,
442 817 526 859 quod
548 827 582 846 ex
604 816 668 856 ipso
688 819 833 845 contextu
862 813 1038 846 luculenter
1060 819 1199 857 apparet.
1243 814 1325 846 Nam
1348 826 1437 846 casus
1461 816 1582 857 primus
1606 821 1694 847 sonat
1719 813 1736 847 ὃ
1756 815 1850 855 ἐμίας

225 882 285 913 pro
312 869 329 900 ὃ
354 867 486 909 ἐμετός,
516 870 605 900 sicuti
628 867 646 898 ὅ
669 866 815 907 κοχλίας,
837 868 877 898 ad
898 871 1033 910 primam
1057 869 1310 902 declinationem.
1361 869 1445 900 Haec
1476 869 1589 900 diserte
1617 869 1707 901 docet
1735 870 1850 902 Eusta-

225 927 311 956 thius
336 926 375 955 ad
401 924 437 958 11.
462 926 487 962 ξ,
509 936 540 966 p.
561 924 639 966 996,
673 925 725 966 39.
762 922 873 963 ἑμιάς,
898 921 943 960 ὦς
965 924 1114 965 κοχλίας,
1141 921 1157 955 ὃ
1179 920 1326 963 ἐμετικὸς
1348 918 1368 965 ἢ
1390 922 1518 965 ειῖεμής.

316 982 372 1014 IV.
405 981 540 1010 Photius
574 981 643 1010 Lex.
673 980 784 1020 Λέρνῃ
812 979 946 1012 θεατῶν.
976 979 1049 1010 α’ντί
1075 980 1132 1011 τοῦ
1154 979 1261 1010 κακῶν
1281 979 1432 1019 θέατρον.
1461 980 1635 1021 Κρατῖνος.
1659 977 1772 1020 οἱμὲν
1794 979 1849 1010 διὰ

228 1030 432 1076 vjaest'Ydyav·
456 1033 485 1065 οἱ
510 1035 545 1065 δὲ
567 1033 619 1065 διὰ
643 1032 678 1066 τὸ
706 1033 781 1070 τοὺς
799 1033 966 1075 Ἀργείους
988 1033 1029 1065 τὰ
1054 1032 1254 1074 καθάρματα
1282 1034 1353 1064 ἐκεῖ
1382 1030 1566 1075 ἆποφὲρειν·
1589 1032 1605 1064 ὅ
1627 1030 1691 1075 γάρ
1721 1032 1852 1070 Δαναὸς

227 1091 261 1120 ἐν
278 1092 316 1132 τῇ
341 1091 450 1133 Λέρνῃ
473 1089 530 1126 τὰς
550 1088 693 1131 κεφαλὰς
714 1091 778 1120 τῶν
802 1089 1034 1130 Αἰγυπτιάδων
1057 1088 1208 1127 dne-9810,
1231 1088 1295 1127 καί,
1318 1086 1363 1124 ὥς
1382 1085 1473 1127 εἰκός,
1496 1088 1549 1129 ἐφ’
1571 1084 1667 1130 ὕβρει
1686 1088 1851 1119 ἐκέλευσεν

225 1143 265 1176 τὰ
291 1145 420 1176 ὁέισαια
445 1146 520 1183 (sic)
541 1145 609 1175 ἐκεῖ
626 1143 758 1186 ῥίπτειν.

313 1201 434 1230 Eadem
461 1200 554 1230 habet
583 1201 691 1231 Suidas
711 1212 734 1231 s.
761 1212 791 1233 v.
815 1200 927 1241 Λέρνῃ
957 1199 1104 1238 θεατῶν,
1134 1206 1352 1242 praeterquam
1384 1199 1470 1240 quod
1499 1211 1555 1241 pro
1585 1199 1714 1231 δεισαια
1736 1199 1849 1241 legitur

227 1252 443 1293 δυςοιώνιστα
465 1261 495 1287 et
518 1262 584 1298 post
602 1254 725 1298 ῥίπτειν
747 1257 892 1295 additur,
917 1252 948 1287 οἷ
971 1255 1024 1296 δέ,
1047 1256 1160 1298 Λέρνη
1180 1254 1296 1289 κακῶν.
1351 1254 1433 1287 Illud
1455 1252 1667 1293 δυςοιώνιστα
1690 1254 1770 1286 nihil
1792 1266 1850 1286 au-

226 1313 382 1342 ctoritatis
418 1313 500 1352 apud
530 1324 578 1342 me
607 1313 723 1352 habet,
759 1325 861 1354 neque
896 1314 1069 1355 quidquam
1101 1312 1141 1342 ad
1171 1323 1296 1342 sensum
1328 1322 1499 1353 rerumque
1531 1312 1696 1342 historiam
1717 1311 1848 1348 confert,

227 1377 323 1408 quam
346 1371 378 1396 et
398 1366 471 1396 hine
495 1372 524 1397 et
547 1367 670 1398 aliunde
691 1369 919 1399 accuratissime
941 1367 1094 1401 novimus.
1125 1366 1230 1398 Photii
1251 1366 1345 1397 lectio
1370 1366 1498 1397 δεισαια
1524 1377 1579 1409 per
1598 1377 1632 1398 se
1655 1365 1733 1397 nihil
1755 1365 1849 1404 valet,

228 1423 282 1452 sed
305 1422 427 1462 probae
450 1424 531 1452 vocis
554 1425 750 1463 apertissima
772 1425 902 1465 vestigia
924 1424 1061 1462 indicat3
1095 1425 1199 1464 itaque
1222 1428 1257 1453 ut
1281 1424 1394 1454 vitium
1416 1423 1562 1460 tollatur,
1598 1423 1764 1464 legendum
1785 1432 1850 1452 esse

228 1477 361 1506 coniicio
383 1476 542 1509 δεισαλέα.
565 1478 640 1507 Nam
663 1479 775 1508 Suidas
797 1479 925 1519 explicat
948 1477 1083 1507 δεῖσα·
1105 1474 1233 1516 κόπρος,
1261 1482 1293 1507 et
1315 1475 1550 1507 ὃεισαλέα·
1579 1474 1740 1517 κοπρώδη,
1756 1481 1851 1518 atque

231 1530 408 1572 Hesychius
441 1529 649 1568 δισαλὲος·
678 1528 840 1573 ῥυπαρός,
866 1538 894 1563 et
924 1530 1114 1563 δισαλιά·
1139 1521 1336 1572 ιῖκαθαρσιά.
1381 1532 1470 1571 Quae
1492 1531 1575 1574 apud
1594 1531 1722 1563 Suidam
1746 1530 1851 1562 addita

229 1591 321 1619 sunt,
354 1583 382 1614 οἱ
408 1585 463 1622 ὄέ,
488 1587 596 1626 Λέςιιη
631 1587 751 1624 κακῶν,
777 1598 794 1616 a
816 1587 884 1616 loco
914 1587 1015 1617 aliena
1048 1593 1120 1616 sunt
1154 1592 1183 1616 et
1211 1587 1250 1616 ab
1274 1586 1398 1616 indocto
1421 1587 1559 1628 quodam
1583 1587 1666 1616 haud
1686 1586 1781 1616 dubie
1801 1588 1850 1616 in-

227 1638 359 1669 culcata.
405 1639 524 1669 Cratini
547 1642 726 1670 sententiam
748 1641 922 1671 accuratius
945 1639 1106 1671 declarant
1127 1640 1276 1683 Hesychii
1299 1641 1408 1679 verba,
1445 1640 1557 1681 Λέρνη
1577 1639 1711 1674 θεατῶν.
1737 1650 1850 1681 παροι-

225 1695 287 1733 μιά
313 1692 361 1730 τίς
384 1693 471 1724 ἐστιν
511 1693 694 1736 deyohmj,
721 1697 832 1737 Λέρνῃ
862 1696 969 1727 κακῶν
996 1697 1062 1734 (cir.
1091 1697 1422 1739 Paroemiograplios)‚
1448 1694 1487 1738 ἣν
1511 1693 1850 1736 ἅποδιοηομπούμενοι

226 1747 352 1788 ἔλεγον·
378 1749 418 1779 τὰ
438 1748 499 1789 γάρ
522 1749 781 1791 ἀποκαθάρματα
803 1752 849 1788 εἰς
868 1752 963 1783 τοῦτο
985 1750 1019 1782 τὸ
1042 1752 1163 1792 χωρίον
1191 1752 1350 1792 ἐνέβαλον.
1396 1753 1525 1794 Λέρνην
1550 1747 1608 1783 οὖν
1637 1751 1767 1783 θεατῶν
1787 1748 1850 1792 ἔφη

227 1803 244 1834 ό
271 1805 436 1845 Κρατῖνος
471 1802 506 1834 τὸ
541 1806 674 1846 θέατρον
707 1805 760 1837 διὰ
790 1805 825 1837 τὸ
857 1807 1038 1847 σύμμικτον
1067 1803 1151 1838 εἶναι
1180 1806 1236 1839 καί
1262 1806 1465 1839 παντοδαπόν
1502 1803 1600 1848 ὄχλον
1621 1804 1718 1847 ἔχειν.
1762 1806 1851 1836 Hanc

225 1859 420 1901 singularem
453 1860 616 1901 imaginem
649 1862 793 1893 Cratinus
826 1862 864 1893 de
894 1862 1019 1893 theatro
1057 1865 1219 1904 usurpavit
1253 1864 1295 1894 ob
1323 1862 1566 1894 abominandam
1601 1861 1727 1893 infimae
1751 1861 1850 1904 plebis

225 1917 382 1946 sentinam
406 1921 499 1956 atque
529 1916 692 1947 colluviem
708 1941 715 1955 ,
745 1929 805 1959 qua
828 1917 905 1949 illud
933 1917 1085 1959 repletum
1117 1929 1180 1948 esse
1204 1917 1332 1951 solebat.
1356 1918 1413 1947 csr.
1439 1917 1561 1947 Erasm
1595 1915 1699 1958 Adag.
1723 1915 1804 1948 Chil.
1828 1916 1851 1950 1,

224 1969 315 2002 Ceut.
340 1971 383 2000 111
398 1993 406 2009 ‚
432 1981 483 2012 27.
515 1972 603 2010 Quae
626 1981 694 2001 cum
716 1972 758 2002 ita
779 1975 849 2011 sint,
871 1973 1042 2004 Runkelius
1066 1973 1170 2003 multis
1192 1972 1372 2002 nominibus
1392 1971 1586 2013 castigandus
1608 1977 1663 2009 est,
1687 1975 1851 2013 propterea

225 2027 372 2063 maxime,
411 2025 497 2066 quod
535 2026 653 2056 Cratini
690 2030 876 2058 sententiam
907 2028 1109 2070 proverbium
1148 2029 1276 2068 eiusque
1310 2027 1467 2069 originem
1500 2029 1649 2058 incertam
1679 2038 1744 2057 esse
1765 2027 1851 2057 dicit.

225 2081 349 2110 Cratini
371 2080 525 2111 sententia
549 2091 707 2122 nunquam
729 2082 761 2111 in
783 2082 986 2123 proverbium
1013 2083 1108 2121 abiit,
1132 2083 1188 2114 sed
1213 2094 1228 2114 c
1249 2083 1418 2124 proverbio
1442 2081 1527 2113 fluxit
1561 2094 1661 2125 eoque
1694 2083 1767 2112 satis
1799 2093 1852 2112 ex-

223 2135 337 2178 plicato
363 2141 395 2166 et
419 2136 592 2178 perspicuo.

309 2193 350 2222 V.
378 2192 552 2232 Hesychius
572 2202 595 2222 s.
619 2202 648 2221 v.
673 2189 950 2232 Αιῖτόφορτοι·
976 2192 1211 2227 αὕτοδιάκονοι.
1232 2194 1352 2234 κυρίως
1374 2192 1408 2224 δὲ
1424 2192 1451 2223 οἱ
1471 2193 1506 2224 ἐν
1521 2196 1586 2229 τοῖς
1607 2192 1701 2229 ἰδίοις
1719 2190 1852 2227 πλοίοις.

223 2245 393 2286 Σοφοκλῆς
431 2244 560 2287 Θυέστῃ
599 2245 778 2288 Σικυωνίῳ.
802 2244 817 2276 ὃ
842 2246 875 2278 δὲ
899 2247 1063 2287 Κρατῖνος
1083 2248 1116 2279 ἐν
1139 2249 1309 2289 Χείρωσι,
1339 2246 1432 2285 τούς
1457 2246 1503 2278 τὰ
1526 2245 1640 2279 κοινὰ
1663 2247 1851 2289 φορτιζο-
