2193 2666
995 179 1219 216 ..9-

301 272 506 312 στιβίζουσι,
540 273 636 316 idque
667 275 896 319 interpret-tur
924 285 980 318 per
999 266 1232 317 δραπετεύουσι
1252 282 1283 308 et
1304 275 1527 318 διαφεύγουσι.
1572 277 1698 308 Primae
1722 277 1806 307 vocis
1834 276 1925 307 lectio

303 327 418 358 nullius
447 328 542 369 pretii
573 335 640 369 θείς
664 330 745 362 duae
772 332 959 373 posteriores
987 338 1111 373 perse
1132 331 1234 362 honae
1257 331 1297 362 ad
1327 337 1428 362 totum
1460 332 1614 363 absurdae
1643 337 1727 362 sunt.
1774 331 1926 362 Similiter

301 383 394 425 plane
402 383 589 426 depravatus
608 390 655 417 est
677 385 762 418 locus
775 386 859 429 apud
887 384 1080 433 chhium
1094 407 1104 425 ‚
1123 384 1312 428 ubi-„legitur
1339 384 1521 425 στιβδός·
1548 385 1733 427 μαστιγίας,
1752 384 1925 426 δραπέτης.

301 438 419 469 Vocem
440 440 572 480 primam
595 441 639 472 sic
659 442 812 481 emendo,
833 453 899 474 στι
959 437 1017 480 σ’ς,
1037 441 1124 483 quod
1145 443 1245 472 nescio
1271 452 1310 472 an
1342 453 1358 472 a
1382 441 1469 472 nullo
1496 441 1695 472 observatum
1725 443 1772 474 sit.
1798 438 1926 477 Στικτός

302 492 384 524 idem
407 494 678 538 significathquod
700 493 904 537 στιγματίας
982 484 1130 536 fouyobv·
1151 506 1251 535 μαστι
1270 497 1323 532 ιἀς
1354 496 1486 538 Hesych.
1509 507 1526 526 a
1550 496 1667 535 στίζω,
1688 508 1802 549 pu‘zgo.
1845 496 1925 526 Hinc

300 553 408 588 patet,
438 560 531 590 quam
551 552 638 581 vario
662 551 759 582 modo
784 549 1108 589 librat-iffindoctum
1136 562 1216 593 genu
1264 551 1423 581 hominum
1440 574 1448 590 ,
1480 552 1548 581 soni
1570 551 1775 582 similitudine
1803 551 1923 592 decepti

302 603 332 633 in
354 612 477 633 errores
501 604 702 636 incredibiles
723 614 757 635 se
777 603 849 634 duci
869 603 951 645 passi
975 605 1035 634 sint
1058 609 1091 633 et
1112 603 1322 636 diversissima
1345 606 1606 639 commiscuerint.

386 658 447 688 XV
466 657 546 690 Poll.
571 659 640 699 vl,
663 658 714 690 61.
740 657 905 699 Κρατῖνος
927 657 964 688 δὲ
987 655 1045 688 καί
1056 657 1161 698 ,χυλὸν
1185 665 1268 697 πιεῖν
1289 659 1423 703 εἴρηκεν·

666 711 757 745 Ἀλλ’
777 711 875 745 εἴσιθ’
899 709 977 744 εἴσω
1000 710 1056 743 καί
1075 715 1152 745 πιοῦ
1165 734 1179 739 -

672 779 716 799 σα
737 764 839 809 χυλὸν
862 762 1031 798 ἀναπαύου
1060 769 1175 802 κακῶν.

299 822 414 852 Versus
436 827 510 853 sunt
530 823 655 853 iambici
678 823 824 862 dimetri,
846 822 900 864 qui
919 822 1013 864 vulgo
1036 833 1095 863 pro
1120 834 1184 854 uno
1205 835 1296 855 versu
1320 835 1418 866 eoque
1441 829 1622 854 tetrametro
1654 824 1785 854 iambico
1817 829 1923 854 acata-

298 877 380 907 lecto
400 876 558 907 habentur
583 877 683 916 (Crat.
705 877 785 919 frag.
806 877 856 907 ed.
872 877 975 911 Runk.
997 890 1028 920 p.
1052 878 1125 920 78.).
1168 879 1211 909 At
1234 891 1307 910 vero
1329 880 1501 910 Hermanui
1524 879 1566 919 (d.
1592 891 1633 912 m.
1656 891 1687 921 p.
1715 880 1792 917 158.)
1827 890 1914 920 egre-

297 933 345 972 gia
375 931 553 962 observatio
574 931 666 963 docet
690 933 748 963 isto
776 938 956 963 tetrametro
980 940 1010 964 et
1031 936 1163 976 tragicos
1187 934 1376 966 Graecorum
1400 941 1433 966 et
1454 935 1589 965 comicos
1611 935 1742 964 omnino
1777 934 1922 964 abstinu-

300 988 371 1016 isse.
418 984 531 1022 Χυλός
555 992 601 1017 est
631 998 741 1017 succus
761 998 798 1017 ex
828 988 992 1017 frumentis
1023 983 1194 1032 (ἄλφιτον),
1227 994 1262 1018 ut
1297 989 1436 1025 videtur,
1476 989 1630 1025 decoetus,
1665 999 1728 1029 quo
1757 994 1831 1028 potu
1859 994 1925 1017 sto-

303 1041 435 1074 machus
476 1041 652 1074 imbecillus
686 1049 717 1074 et
739 1043 780 1075 ad
802 1054 947 1074 nauseam
969 1054 1088 1085 pronus
1110 1042 1252 1074 firmatur
1286 1048 1317 1073 et
1338 1048 1515 1081 recreatur,
1546 1043 1585 1073 ita
1609 1047 1646 1073 ut
1666 1042 1748 1074 idem
1772 1043 1812 1073 sit
1837 1042 1924 1084 quod

295 1098 483 1138 βληχωνία,
505 1098 593 1128 cuius
617 1100 733 1128 mentio
755 1099 831 1129 haec
845 1105 898 1129 *est
920 1099 1005 1139 apud
1025 1099 1186 1139 Aristoph.
1210 1099 1284 1128 Pac.
1308 1101 1379 1139 7¹3.

640 1146 720 1193 οὔκ,
742 1149 825 1194 εἴγε
847 1152 977 1184 κυκεῶν’
998 1151 1138 1190 ἐπιπίοις
1157 1151 1350 1194 βληχωνίαν.

381 1208 464 1239 Vide
486 1209 511 1242 1.
533 1209 575 1240 Η.
595 1209 741 1240 Vossiun'i
763 1209 803 1240 ad
819 1210 860 1242 H.
885 1210 915 1239 in
941 1209 1050 1243 Cerer.
1071 1221 1101 1251 p.
1128 1209 1182 1242 66.
1219 1209 1355 1251 Hesych.
1395 1221 1419 1241 s.
1451 1221 1480 1243 v.
1503 1215 1534 1240 et
1562 1208 1668 1242 Schol.
1695 1208 1734 1238 ad
1766 1209 1925 1249 Aristoph.

294 1263 371 1298 Pae.
394 1263 416 1297 l.
439 1263 460 1298 l.
488 1264 556 1295 Hac
577 1265 698 1295 ratione
719 1270 749 1296 et
771 1264 873 1296 πίνειν
894 1269 925 1295 et
945 1261 983 1294 τὰ
1005 1262 1087 1295 κακὰ
1112 1264 1259 1295 facillime
1279 1265 1363 1307 apud
1386 1266 1551 1296 Cratinum
1571 1263 1804 1306 intelliguntur,
1826 1274 1927 1305 neque

294 1320 439 1362 profecto
462 1332 555 1352 causa
575 1321 654 1359 fuit,
679 1327 714 1352 ut
735 1320 835 1352 verba
856 1320 990 1352 obscura
1013 1320 1155 1362 adeoque
1173 1326 1322 1362 corrupta
1343 1311 1411 1352 ease
1433 1320 1623 1351 existimaret
1649 1318 1846 1356 Runkelius,
1876 1329 1927 1350 ca-

294 1375 424 1416 stigatus
446 1386 464 1405 a
485 1375 656 1406 Duebnero
679 1375 699 1406 l.
712 1375 733 1408 1.
979 1367 987 1371 ³

378 1430 466 1462 XVI.
495 1429 706 1461 Antiatticista
730 1430 763 1460 in
785 1428 917 1461 Bekkeri
935 1430 1054 1462 Anecd.
1077 1441 1125 1472 gr.
1149 1441 1180 1472 p.
1209 1429 1279 1468 108,
1311 1429 1360 1469 24.
1383 1426 1643 1460 Μεσόκοπον·
1665 1427 1857 1471 ἅρ”ῥενικῶς,
1872 1427 1928 1459 τὸν

293 1482 351 1515 ἐπὶ
369 1485 472 1524 μέσον
494 1480 632 1525 ἧλικιάς.
658 1485 832 1526 Κρατῖνος.
854 1485 905 1516 sic
926 1483 1123 1516 emendanda
1144 1489 1190 1515 est
1217 1483 1343 1526 vulgata
1364 1485 1456 1515 lectio
1485 1482 1521 1514 τὸ
1550 1484 1715 1524 ἑπιζαεσον.
1758 1484 1927 1527 Vulgatam

295 1536 333 1570 τό
354 1540 474 1570 mutavi
490 1540 521 1570 in
533 1536 605 1579 τόν,
626 1539 810 1571 coniectura
831 1540 945 1571 ductus
958 1563 967 1580 ,
994 1550 1089 1582 quam
1100 1540 1294 1581 grammatici
1305 1537 1710 1581 οδεετνεῑῐο,ἅρῥενικῶ“ς,
1745 1539 1927 1578 conflrmat3

296 1604 369 1625 nam
392 1592 450 1626 τὸν
472 1592 529 1626 ε’πί
544 1594 646 1635 μέσου
667 1592 793 1636 ἡλικίας
813 1595 1035 1637 interpretatur
1056 1605 1164 1627 vocem
1177 1591 1366 1634 μεσᾶκοπον.
1392 1594 1562 1625 Runkelius
1584 1594 1631 1635 (p.
1655 1593 1734 1635 96.),
1746 1594 1798 1635 qui
1820 1592 1925 1624 locum

296 1650 340 1681 sic
373 1651 532 1691 proponit,
557 1647 816 1690 μεσόκοπον,
833 1647 876 1681 τὸ
906 1647 1032 1692 ἥμισυ
1065 1648 1255 1690 ἡλικίας,
1301 1649 1414 1681 vellem
1436 1649 1612 1687 indicasset,
1637 1648 1721 1679 unde
1739 1648 1816 1679 haec
1844 1650 1923 1680 scri-

294 1709 390 1744 ptura
419 1703 516 1744 petita
545 1708 636 1742 esset,
653 1713 748 1743 quum
782 1714 845 1733 non
866 1705 1013 1744 agnoscit
1040 1703 1212 1737 Bekkerus.
1258 1704 1379 1735 Vocem
1400 1703 1579 1742 μεσόκσπον
1611 1703 1649 1733 de
1682 1703 1786 1733 medio
1816 1704 1923 1733 aetatis

293 1757 395 1788 stadio
428 1756 602 1788 insolenter
631 1755 759 1788 videtur
777 1767 943 1799 usurpasse
965 1763 1054 1799 poeta
1069 1764 1188 1789 noster.
1210 1758 1258 1790 ef.
1281 1757 1374 1789 Phot.
1393 1758 1463 1788 Lex.
1488 1761 1520 1787 et
1544 1756 1678 1799 Hesych.
1697 1768 1721 1788 s.
1751 1768 1783 1788 v-
1809 1753 1923 1788 Μεσό-

293 1822 385 1843 κοποι
413 1810 519 1849 αὐλοί,
554 1811 662 1852 ibique
694 1812 827 1852 interpr.
857 1811 1018 1842 Probatur
1043 1817 1149 1843 tamen
1193 1818 1225 1843 et
1260 1812 1311 1843 hic
1331 1823 1333 1829 ’
1351 1823 1425 1843 usus
1460 1812 1618 1842 Xenarchi
1649 1814 1837 1843 auctoritate
1873 1823 1923 1853 ap.

296 1866 413 1897 Athen.
437 1866 528 1897 XIII.
554 1877 585 1907 p.
610 1865 684 1908 569.
708 1866 742 1898 B.
764 1870 795 1895 et
817 1864 969 1896 similibus
989 1865 1103 1904 verbis,
1119 1862 1346 1906 μεσαιπόλιος,
1360 1865 1513 1907 μεσῆλιξ,
1529 1864 1725 1906 μεσόχλοος,
1751 1866 1828 1899 aliis.
1857 1867 1921 1900 cfr.

294 1921 441 1954 Eustath.
462 1921 501 1952 ad
525 1921 560 1954 11.
585 1922 613 1959 λ,
640 1933 671 1962 p.
693 1920 768 1960 885,
792 1919 843 1961 54.
