2193 2666
1012 178 1239 214 -3-

317 279 405 311 hibet
418 284 450 309 et
464 278 702 319 interpretatur,
714 286 777 306 non
789 285 852 306 uno
861 276 986 306 nomine
1001 274 1275 316 esteastigandus3
1297 284 1369 305 nam
1378 274 1513 316 primum
1523 271 1607 314 ἡμᾶς
1617 274 1701 304 haud
1711 274 1806 304 dubie
1818 285 1875 314 per
1885 284 1942 304 ne-

318 333 500 377 gligentiam
528 332 651 370 omisit3
681 329 796 362 deinde
825 340 934 362 vocem
966 326 1178 370 σνβάυβαλος
1208 328 1312 363 lexicis
1342 329 1414 361 addi
1441 329 1526 368 vult,
1559 340 1639 371 quae
1669 330 1730 360 iam
1755 328 1811 360 diu
1833 328 1941 360 addita

318 393 365 420 est
387 388 452 428 (cfr.
475 385 620 418 schneid.
641 385 714 417 Lex.
737 395 762 418 s.
783 395 815 417 v.
836 381 985 424 βαυβάω.
1035 385 1190 415 Henricus
1209 384 1379 426 Stephanus
1400 385 1433 414 in
1461 383 1623 414 Thesauro
1655 395 1764 415 vocem
1799 395 1940 416 comme-

319 447 444 481 morat,
465 440 535 479 sed,
557 449 620 480 qua
641 438 863 480 significatione
883 436 968 479 apud
994 437 1159 469 Cratinum
1178 443 1328 480 usurpata
1349 438 1405 476 sit,
1432 448 1465 469 se
1485 437 1628 479 expedire
1649 449 1715 469 non
1743 449 1834 480 posse
1858 439 1937 470 sate·

318 497 397 535 tur);
422 495 558 536 denique
582 492 675 523 salsus
697 497 762 532 est,
785 502 882 534 quum
905 490 1117 531 συβαύβαλος
1138 493 1233 523 vertit
1252 493 1437 526 dormitans.
1473 493 1620 533 Magnam
1642 492 1780 535 profecto
1802 492 1939 524 difficul-

319 556 416 582 tatem
450 553 541 591 parat
574 546 763 579 vocabulum
795 548 987 578 rarissimum
1016 545 1238 588 συβαύβαλος,
1263 547 1349 590 quod
1378 552 1413 578 ut
1447 546 1670 589 intelligamus,
1693 547 1733 578 ad
1754 548 1929 590 analogiam

319 606 450 636 aliarum
482 614 613 643 vocum,
643 602 741 633 veluti
773 604 1001 633 homericarum
1029 599 1176 644 ὑφορβὸς
1195 608 1226 634 et
1246 599 1413 642 συβώτης,
1438 601 1609 632 referamus
1628 612 1753 632 necesse
1777 608 1835 635 est.
1881 602 1932 632 Ad

319 658 538 690 formationem
567 656 658 699 quod,
673 657 801 696 attinet,
822 667 882 687 vox
903 656 1077 698 composita
1098 662 1145 687 est
1166 668 1201 687 ex
1224 656 1282 695 σῦς
1303 662 1334 687 et
1355 652 1539 696 βάυβαλος;
1560 655 1677 686 factum
1700 661 1747 686 est
1769 653 1935 695 βάυβαλος

320 725 338 744 a
357 712 493 752 βαυβῶ,
523 713 602 743 sicut
627 707 824 748 διδάσκαλος
846 721 865 741 a
890 708 1045 744 διδάσκω.
1099 711 1170 742 Jam
1200 723 1275 743 vero
1307 712 1445 753 primum
1474 710 1603 753 βαυβᾷν
1630 713 1821 752 grammatici
1854 711 1935 742 idem

321 778 386 799 esse
400 766 585 809 perhibent,
609 765 695 808 quod
717 762 900 797 καθεύδειν.
925 764 1049 807 Hesych
1068 776 1093 798 s.
1118 776 1148 797 v.
1167 765 1303 809 βαυβᾷν.
1327 765 1388 797 cfr.
1412 765 1543 796 Bekkeri
1566 765 1684 797 Anecd.
1701 776 1745 807 gr.
1764 777 1794 807 p.
1811 765 1864 805 85,
1887 776 1936 800 ιο.

319 823 404 856 Tum
425 829 547 867 praeter
570 821 731 855 notionem
752 823 899 862 activam,
921 822 1076 861 dormire,
1097 822 1293 854 transitivam
1316 821 1428 860 habet,
1439 822 1568 863 facere,
1588 827 1621 852 ut
1642 821 1759 863 aliquis
1782 820 1936 863 dormiat,

320 881 385 912 sive
394 881 496 922 sopire
517 885 550 911 et
572 890 681 911 curare
701 880 826 910 nutricis
847 880 946 909 instar
968 880 1000 917 (β
1008 890 1055 908 av
1063 878 1120 921 βᾷ
1137 874 1282 917 κοιμίζει.
1301 876 1437 918 Hesych.
1467 882 1497 906 et
1525 877 1611 908 Suid.
1640 877 1672 907 Β
1680 877 1758 914 αυβ
1766 875 1790 906 ὠ
1822 875 1938 916 τιθήνη

320 931 502 976 Δήμητρος.
525 933 689 977 Hesych.)‚
714 944 795 976 quae
818 934 969 976 primaria
993 938 1040 964 est
1063 933 1243 976 significatio
1265 933 1297 963 in
1321 931 1423 962 verbis
1454 932 1591 973 cognatis
1617 930 1784 973 βαυκαλᾷν
1821 931 1937 973 (κατα-

317 987 485 1029 κοιμίζειν
506 990 659 1030 τιθηνεῖν’
685 987 800 1019 παιδία
822 989 892 1027 μετ’
925 986 1009 1030 ᾠδῆς
1030 988 1196 1027 κοιμίζειν.
1218 987 1369 1029 Hesych.,
1392 986 1433 1017 ad
1454 997 1547 1027 quem
1567 987 1672 1017 locum
1695 986 1767 1016 vide
1791 987 1935 1016 virorum

319 1044 481 1076 doctorum
502 1044 766 1083 observationes),
789 1043 999 1084 βαυβαλιζειν
1020 1049 1050 1074 et
1071 1039 1278 1083 βαυκαλίζειν
1302 1041 1367 1080 (cfr.
1389 1040 1521 1072 Bekkeri
1545 1040 1667 1071 Anecd.
1691 1052 1737 1083 gr.
1758 1052 1790 1082 p.
1809 1040 1860 1077 85,
1890 1039 1935 1080 14.

318 1099 455 1141 Hesych.
484 1111 507 1133 s.
521 1111 551 1130 v.
567 1094 853 1138 κατεβαυκάλησε),
883 1098 967 1128 unde
987 1095 1280 1138 βαυκαλήσεις·
1306 1093 1340 1127 αἶ
1361 1095 1423 1127 τῶν
1444 1092 1749 1139 τιθηνούσωνῴδαί.
1765 1096 1881 1135 Athen.
1898 1107 1931 1136 p.

317 1153 435 1187 618.E.
450 1154 485 1183 In
508 1154 678 1194 composito
700 1151 853 1183 vocabulo
868 1150 1074 1192 συβαύβαλος
1096 1152 1181 1194 prior
1202 1151 1608 1194 significatio,intransitiva
1631 1149 1787 1189 videlicet,
1806 1161 1868 1180 non
1891 1156 1937 1181 est

318 1207 530 1247 admittenda,
552 1212 661 1248 utpote
683 1208 807 1249 inepta3
835 1207 917 1238 valet
936 1213 1043 1238 contra
1067 1207 1176 1247 altera,
1200 1208 1311 1245 activa,
1333 1206 1377 1236 ita
1402 1212 1438 1237 ut
1467 1206 1655 1247 significetur
1682 1212 1787 1247 pastor
1811 1207 1934 1247 aliquis,

320 1263 374 1304 qui
395 1273 465 1293 sues
489 1261 529 1293 ad
549 1260 769 1292 dormiendum
791 1262 824 1291 in
859 1261 981 1291 stabula
1010 1262 1075 1292 sive
1096 1263 1127 1291 in
1150 1261 1264 1292 cubilia
1287 1261 1392 1299 ducit,
1423 1266 1463 1299 et,
1489 1265 1525 1290 ut
1556 1260 1726 1298 dormiant,
1750 1267 1840 1290 curat
1870 1261 1935 1291 sive

318 1323 417 1350 noctu
439 1317 521 1359 apud
543 1328 612 1349 sues
635 1317 666 1348 in
687 1316 816 1349 stabulis
836 1322 977 1348 versatur
991 1339 1000 1357 ‚
1024 1316 1171 1348 subulcus
1192 1316 1288 1348 infimi
1317 1315 1445 1350 ordinis,
1488 1315 1613 1347 Eadem
1635 1316 1716 1346 ratio
1740 1316 1771 1346 in
1797 1315 1936 1358 permul-

316 1374 356 1404 tis
377 1373 537 1405 vocabulis
559 1373 759 1415 perspicitur,
774 1378 808 1403 ut
827 1373 859 1403 in
884 1372 1030 1413 συβώτης
1050 1383 1068 1402 a
1089 1368 1156 1410 βόω
1182 1372 1247 1401 sive
1269 1361 1387 1410 βόόκω,
1406 1369 1493 1411 quod
1517 1376 1563 1400 est
1578 1380 1704 1412 pascere
1727 1371 1791 1400 sive
1814 1379 1936 1407 vorare,

317 1428 487 1468 etsacere,
513 1434 546 1458 ut
572 1438 678 1469 greges
696 1434 845 1470 pascant;
880 1436 1068 1469 quamquam
1090 1427 1252 1456 transitiva
1273 1425 1456 1468 significatio
1480 1431 1510 1455 et
1530 1426 1564 1455 in
1585 1421 1744 1465 βώτης,
1763 1434 1881 1466 pastor,
1906 1431 1937 1456 et

317 1483 349 1512 in
372 1481 582 1522 συβώτης,
604 1482 759 1519 subulcus,
782 1481 949 1522 praecipua
973 1486 1028 1511 est.
1071 1481 1140 1512 Etsi
1163 1492 1241 1521 quae
1264 1481 1413 1510 hactenus
1435 1480 1660 1520 disputavimus
1687 1479 1808 1510 nullum
1835 1479 1937 1509 locum

317 1536 506 1568 dubitationi
538 1536 714 1579 relinquere
744 1536 912 1575 videntur,
946 1546 1027 1566 nova
1060 1541 1163 1565 tamen
1202 1534 1366 1566 difficultas
1400 1542 1544 1565 movetur
1576 1535 1659 1577 apud
1696 1535 1884 1577 Hesychium
1907 1540 1937 1564 et

315 1592 466 1623 Photium
489 1603 512 1625 s.
534 1603 564 1623 v.
593 1588 832 1631 συοβαύβαλοι,
871 1592 924 1633 qui
957 1597 1087 1633 uterque
1115 1590 1196 1621 hanc
1223 1601 1330 1621 vocem
1365 1591 1590 1632 interpretatur
1618 1589 1704 1621 συῶν
1738 1589 1934 1630 αὖλιστήρια

316 1642 522 1684 (κοιμητήρια
547 1644 685 1686 Hesych.
706 1645 762 1674 cfr.
787 1644 982 1683 συνόβαυνοι
1006 1650 1036 1675 et
1061 1644 1216 1687 interpr.).
1260 1645 1432 1676 Difficultas
1455 1657 1517 1676 non
1548 1645 1692 1685 tollitur,
1725 1646 1782 1675 nisi
1805 1650 1934 1683 statuas,

315 1703 372 1728 aut
394 1696 616 1737 συοβαὺβαλος
640 1698 690 1738 (ad
712 1698 845 1728 formam
868 1698 948 1728 idem
968 1699 1052 1740 quod
1074 1696 1288 1740 συβαύβαλος,
1310 1707 1344 1731 ut
1368 1698 1510 1742 ὑφορβὸς
1533 1706 1563 1731 et
1585 1697 1768 1742 ὑοφορβός,
1790 1709 1933 1740 συοφορ-

315 1752 372 1791 βία
395 1758 426 1782 et
449 1752 652 1790 συοβοιωτοί)
674 1753 845 1792 significare
869 1759 899 1782 ct
920 1753 1042 1792 locum,
1067 1755 1121 1784 ubi
1142 1766 1213 1784 sues
1234 1755 1416 1792 dormiunt,
1439 1760 1471 1785 et
1492 1754 1668 1791 subulcum,
1690 1753 1814 1794 qualem
1836 1765 1932 1796 supra

316 1807 549 1848 descripsimus,
582 1812 636 1837 aut
665 1805 829 1849 legendum
856 1818 922 1838 esse
953 1807 1035 1849 apud
1073 1807 1262 1850 Hesychium
1289 1814 1320 1839 et
1347 1807 1497 1839 Photium
1517 1805 1744 1847 συοβαυβαλαί
1766 1810 1811 1845 (ut
1832 1814 1876 1839 est
1900 1810 1932 1838 in

315 1859 434 1904 τροφὸς
456 1867 487 1893 et
505 1857 632 1903 τροφή,
655 1857 799 1903 ὑφορβὸς
823 1867 854 1892 et
876 1858 1002 1903 φορβῆς
1028 1860 1175 1904 βαυκάλη
1198 1865 1230 1894 in
1256 1864 1298 1895 H.
1320 1863 1428 1906 steph.
1451 1864 1543 1895 Thes.
1566 1863 1732 1903 laudatur),
1755 1875 1818 1906 quo
1841 1876 1932 1895 suum

316 1916 438 1948 stabula
457 1917 683 1956 indicarentur,
706 1922 760 1946 aut
781 1917 1014 1958 lexicographos
1036 1927 1145 1949 vocem
1165 1917 1367 1958 συβαύβαλοι
1384 1930 1446 1950 non
1464 1920 1656 1952 intellexisse.
1680 1920 1843 1961 Quidquid
1865 1931 1933 1950 am-

314 1972 482 2015 plectaris,
512 1971 588 2002 mihi
618 1982 798 2013 persuasum
831 1977 894 2012 est,
924 1968 1132 2012 συβαύβαλος
1152 1984 1171 2004 a
1193 1973 1320 2005 Cratino
1351 1974 1467 2006 sactum
1500 1986 1564 2006 esse
1587 1986 1603 2005 e
1626 1986 1705 2006 voce
1733 1976 1871 2018 βαυβᾴν,
1902 1982 1935 2008 et

315 2025 536 2066 συοβάυβαλοι
557 2028 630 2067 (sive
651 2024 887 2066 συοβαυβαλαί,
898 2025 925 2056 si
946 2037 1083 2067 unquam
1105 2027 1216 2067 extitit)
1244 2028 1283 2058 ab
1305 2029 1459 2071 Hesychio
1482 2035 1513 2058 et
1537 2029 1647 2060 Photio
1670 2040 1686 2059 e
1714 2032 1833 2061 comico
1855 2042 1934 2072 quo-

316 2080 389 2113 dam
411 2088 499 2124 poeta
521 2092 585 2113 esse
606 2081 748 2123 petitum.
791 2080 853 2112 Sed
873 2091 914 2112 ne
933 2081 976 2112 sic
997 2081 1124 2124 quidem
1146 2082 1266 2114 Cratini
1289 2085 1496 2126 fragmentum
1517 2085 1603 2116 omni
1628 2085 1740 2117 mendo
1765 2085 1933 2117 liberatum

315 2143 410 2178 puto;
442 2147 512 2168 meo
542 2138 610 2167 iure
634 2147 691 2178 pro
717 2136 810 2176 λόγος
828 2147 878 2172 τις
902 2137 1022 2167 conieci
1052 2136 1218 2178 legendum
1247 2148 1311 2168 esse
1343 2134 1448 2177 λόγοις
1472 2139 1536 2169 sive
1569 2136 1720 2179 λόγοισιν.
1765 2142 1800 2171 In
1825 2143 1932 2182 paucis

315 2197 419 2224 tamen
440 2196 472 2223 et
495 2190 636 2234 abruptis
661 2190 783 2223 Cratini
808 2191 914 2224 verbis
938 2202 1000 2222 non
1025 2202 1118 2223 ausus
1137 2202 1206 2223 sum
1229 2191 1345 2235 aliquid
1371 2199 1503 2225 mutare.

400 2247 456 2279 111.
480 2246 546 2279 Hac
566 2246 804 2290 opportunitate
827 2246 1079 2278 commemorabo
1100 2252 1131 2278 et
1152 2246 1310 2289 explicabo
1330 2247 1435 2279 locum
1459 2248 1648 2291 Eupolidis,
1677 2261 1771 2293 quem
1803 2250 1932 2283 Runkc-
