<?xml version="1.0" encoding="UTF-8"?>
<!DOCTYPE html PUBLIC "-//W3C//DTD XHTML 1.0 Transitional//EN"
    "http://www.w3.org/TR/xhtml1/DTD/xhtml1-transitional.dtd">
<html xmlns="http://www.w3.org/1999/xhtml" xml:lang="en" lang="en">
 <head>
  <title>
</title>
<meta http-equiv="Content-Type" content="text/html;charset=utf-8" />
  <meta name='ocr-system' content='tesseract 3.04.00' />
  <meta name='ocr-capabilities' content='ocr_page ocr_carea ocr_par ocr_line ocrx_word'/>
</head>
<body>
  <div class='ocr_page' id='page_1' title='image "./4626731_0011.png"; bbox 0 0 2193 2666; ppageno 0'>
   <div class='ocr_carea' id='block_1_1' title="bbox 933 170 1157 207">
    <p class='ocr_par' dir='ltr' id='par_1_1' title="bbox 933 170 1157 207">
     <span class='ocr_line' id='line_1_1' title="bbox 933 170 1157 207; baseline 0 -15"><span class='ocrx_word' id='word_1_1' title='bbox 933 186 979 192; x_wconf 85' lang='lat'>—.</span> <span class='ocrx_word' id='word_1_2' title='bbox 1033 170 1056 207; x_wconf 75' lang='lat'><em>2</em></span> <span class='ocrx_word' id='word_1_3' title='bbox 1106 186 1157 195; x_wconf 84' lang='lat'><em>-</em></span> 
     </span>
    </p>
   </div>
   <div class='ocr_carea' id='block_1_2' title="bbox 223 264 1853 2294">
    <p class='ocr_par' dir='ltr' id='par_1_2' title="bbox 223 264 1853 1628">
     <span class='ocr_line' id='line_1_2' title="bbox 224 264 1851 310; baseline 0.006 -19"><span class='ocrx_word' id='word_1_4' title='bbox 224 272 348 293; x_wconf 87' lang='lat' dir='ltr'>sensum</span> <span class='ocrx_word' id='word_1_5' title='bbox 383 265 506 306; x_wconf 85' lang='lat' dir='ltr'>saepius</span> <span class='ocrx_word' id='word_1_6' title='bbox 539 267 683 307; x_wconf 80' lang='lat' dir='ltr'>exprimit</span> <span class='ocrx_word' id='word_1_7' title='bbox 713 267 867 308; x_wconf 85' lang='lat' dir='ltr'>particula</span> <span class='ocrx_word' id='word_1_8' title='bbox 897 264 953 303; x_wconf 78' lang='grc' dir='ltr'>ὥς.</span> <span class='ocrx_word' id='word_1_9' title='bbox 983 268 1040 300; x_wconf 86' lang='lat' dir='ltr'>cfr.</span> <span class='ocrx_word' id='word_1_10' title='bbox 1073 268 1183 310; x_wconf 91' lang='lat' dir='ltr'>Eurip.</span> <span class='ocrx_word' id='word_1_11' title='bbox 1213 267 1298 301; x_wconf 85' lang='lat' dir='ltr'>Med.</span> <span class='ocrx_word' id='word_1_12' title='bbox 1329 268 1401 298; x_wconf 81' lang='lat'>330.</span> <span class='ocrx_word' id='word_1_13' title='bbox 1442 268 1603 310; x_wconf 80' lang='lat' dir='ltr'>Aristoph.</span> <span class='ocrx_word' id='word_1_14' title='bbox 1629 268 1724 310; x_wconf 80' lang='lat' dir='ltr'>Vesp.</span> <span class='ocrx_word' id='word_1_15' title='bbox 1762 270 1851 306; x_wconf 77' lang='lat'>1266,</span> 
     </span>
     <span class='ocr_line' id='line_1_3' title="bbox 223 316 1852 367; baseline 0.006 -20"><span class='ocrx_word' id='word_1_16' title='bbox 223 316 479 359; x_wconf 87' lang='lat' dir='ltr'>Leotrophides,</span> <span class='ocrx_word' id='word_1_17' title='bbox 525 320 568 351; x_wconf 93' lang='lat' dir='ltr'>ob</span> <span class='ocrx_word' id='word_1_18' title='bbox 602 321 810 363; x_wconf 79' lang='lat' dir='ltr'>gracilitatem</span> <span class='ocrx_word' id='word_1_19' title='bbox 843 332 932 362; x_wconf 80' lang='lat' dir='ltr'><strong>saepe</strong></span> <span class='ocrx_word' id='word_1_20' title='bbox 961 323 1131 364; x_wconf 81' lang='lat' dir='ltr'>exagitatus</span> <span class='ocrx_word' id='word_1_21' title='bbox 1164 334 1181 355; x_wconf 90' lang='lat' dir='ltr'>a</span> <span class='ocrx_word' id='word_1_22' title='bbox 1213 324 1336 355; x_wconf 88' lang='lat' dir='ltr'>comicis</span> <span class='ocrx_word' id='word_1_23' title='bbox 1360 323 1424 364; x_wconf 80' lang='lat' dir='ltr'>(cfr.</span> <span class='ocrx_word' id='word_1_24' title='bbox 1462 324 1623 366; x_wconf 88' lang='lat' dir='ltr'>Hermippi</span> <span class='ocrx_word' id='word_1_25' title='bbox 1657 324 1771 367; x_wconf 81' lang='lat' dir='ltr'>fragm.</span> <span class='ocrx_word' id='word_1_26' title='bbox 1802 337 1852 367; x_wconf 84' lang='lat' dir='ltr'>ap.</span> 
     </span>
     <span class='ocr_line' id='line_1_4' title="bbox 224 371 1852 420; baseline 0.006 -20"><span class='ocrx_word' id='word_1_27' title='bbox 224 371 329 404; x_wconf 83' lang='lat' dir='ltr'>Schol.</span> <span class='ocrx_word' id='word_1_28' title='bbox 362 373 402 403; x_wconf 90' lang='lat' dir='ltr'>ad</span> <span class='ocrx_word' id='word_1_29' title='bbox 424 375 588 417; x_wconf 86' lang='lat' dir='ltr'>Aristoph.</span> <span class='ocrx_word' id='word_1_30' title='bbox 615 379 677 407; x_wconf 87' lang='lat' dir='ltr'>Av.</span> <span class='ocrx_word' id='word_1_31' title='bbox 713 377 811 417; x_wconf 64' lang='lat'>1406„</span> <span class='ocrx_word' id='word_1_32' title='bbox 842 377 1042 407; x_wconf 86' lang='lat' dir='ltr'>emendatum</span> <span class='ocrx_word' id='word_1_33' title='bbox 1062 389 1078 408; x_wconf 90' lang='lat' dir='ltr'>a</span> <span class='ocrx_word' id='word_1_34' title='bbox 1101 377 1281 416; x_wconf 89' lang='lat' dir='ltr'>Dindorfio,</span> <span class='ocrx_word' id='word_1_35' title='bbox 1304 378 1423 418; x_wconf 86' lang='lat' dir='ltr'>plenius</span> <span class='ocrx_word' id='word_1_36' title='bbox 1444 383 1602 408; x_wconf 86' lang='lat' dir='ltr'>servatum</span> <span class='ocrx_word' id='word_1_37' title='bbox 1619 378 1658 407; x_wconf 88' lang='lat' dir='ltr'>ab</span> <span class='ocrx_word' id='word_1_38' title='bbox 1680 379 1796 411; x_wconf 82' lang='lat' dir='ltr'><strong>Athen.</strong></span> <span class='ocrx_word' id='word_1_39' title='bbox 1820 390 1852 420; x_wconf 83' lang='lat' dir='ltr'>p.</span> 
     </span>
     <span class='ocr_line' id='line_1_5' title="bbox 226 428 1853 474; baseline 0.004 -17"><span class='ocrx_word' id='word_1_40' title='bbox 226 428 300 459; x_wconf 87' lang='grc'>551.</span> <span class='ocrx_word' id='word_1_41' title='bbox 334 430 403 467; x_wconf 83' lang='lat' dir='ltr'>A.),</span> <span class='ocrx_word' id='word_1_42' title='bbox 427 429 515 460; x_wconf 87' lang='lat' dir='ltr'>haud</span> <span class='ocrx_word' id='word_1_43' title='bbox 537 430 633 461; x_wconf 88' lang='lat' dir='ltr'>dubie</span> <span class='ocrx_word' id='word_1_44' title='bbox 655 431 764 462; x_wconf 82' lang='lat' dir='ltr'>fictum</span> <span class='ocrx_word' id='word_1_45' title='bbox 784 431 866 462; x_wconf 89' lang='lat' dir='ltr'>istud</span> <span class='ocrx_word' id='word_1_46' title='bbox 889 442 1061 472; x_wconf 85' lang='lat' dir='ltr'>cognomen</span> <span class='ocrx_word' id='word_1_47' title='bbox 1086 433 1205 473; x_wconf 89' lang='lat' dir='ltr'>accepit</span> <span class='ocrx_word' id='word_1_48' title='bbox 1242 429 1257 462; x_wconf 82' lang='grc' dir='ltr'>ὁ</span> <span class='ocrx_word' id='word_1_49' title='bbox 1282 431 1468 472; x_wconf 71' lang='grc' dir='ltr'><em>τρίμετρος,</em></span> <span class='ocrx_word' id='word_1_50' title='bbox 1499 437 1534 462; x_wconf 89' lang='lat' dir='ltr'>ut</span> <span class='ocrx_word' id='word_1_51' title='bbox 1553 430 1692 474; x_wconf 81' lang='lat' dir='ltr'>corporis</span> <span class='ocrx_word' id='word_1_52' title='bbox 1716 434 1853 474; x_wconf 78' lang='lat' dir='ltr'>proceri-</span> 
     </span>
     <span class='ocr_line' id='line_1_6' title="bbox 224 483 1853 526; baseline 0.004 -15"><span class='ocrx_word' id='word_1_53' title='bbox 224 486 272 512; x_wconf 91' lang='lat' dir='ltr'>tas</span> <span class='ocrx_word' id='word_1_54' title='bbox 293 483 423 514; x_wconf 78' lang='lat' dir='ltr'>ridicule</span> <span class='ocrx_word' id='word_1_55' title='bbox 445 484 654 516; x_wconf 88' lang='lat' dir='ltr'>indicaretur.</span> <span class='ocrx_word' id='word_1_56' title='bbox 679 485 757 515; x_wconf 85' lang='lat' dir='ltr'>Nam</span> <span class='ocrx_word' id='word_1_57' title='bbox 780 485 969 526; x_wconf 60' lang='grc' dir='ltr'>τριζιιετρος,</span> <span class='ocrx_word' id='word_1_58' title='bbox 997 488 1086 517; x_wconf 89' lang='lat' dir='ltr'>cuius</span> <span class='ocrx_word' id='word_1_59' title='bbox 1105 487 1192 518; x_wconf 88' lang='lat' dir='ltr'>vocis</span> <span class='ocrx_word' id='word_1_60' title='bbox 1215 488 1301 517; x_wconf 89' lang='lat' dir='ltr'>notio</span> <span class='ocrx_word' id='word_1_61' title='bbox 1324 488 1354 516; x_wconf 90' lang='lat' dir='ltr'>in</span> <span class='ocrx_word' id='word_1_62' title='bbox 1381 492 1488 516; x_wconf 88' lang='lat' dir='ltr'>nostro</span> <span class='ocrx_word' id='word_1_63' title='bbox 1513 487 1683 518; x_wconf 89' lang='lat' dir='ltr'>verborum</span> <span class='ocrx_word' id='word_1_64' title='bbox 1707 493 1853 518; x_wconf 85' lang='lat' dir='ltr'>contextu</span> 
     </span>
     <span class='ocr_line' id='line_1_7' title="bbox 224 533 1852 585; baseline 0.004 -17"><span class='ocrx_word' id='word_1_65' title='bbox 224 539 321 580; x_wconf 82' lang='lat' dir='ltr'>magis</span> <span class='ocrx_word' id='word_1_66' title='bbox 345 540 454 570; x_wconf 86' lang='lat' dir='ltr'>sentiri</span> <span class='ocrx_word' id='word_1_67' title='bbox 478 545 601 582; x_wconf 87' lang='lat' dir='ltr'>potest,</span> <span class='ocrx_word' id='word_1_68' title='bbox 628 552 721 583; x_wconf 85' lang='lat' dir='ltr'>quam</span> <span class='ocrx_word' id='word_1_69' title='bbox 743 541 845 572; x_wconf 86' lang='lat' dir='ltr'>verbis</span> <span class='ocrx_word' id='word_1_70' title='bbox 868 541 1009 581; x_wconf 82' lang='lat' dir='ltr'>definiri,</span> <span class='ocrx_word' id='word_1_71' title='bbox 1032 543 1190 573; x_wconf 87' lang='lat' dir='ltr'>hominem</span> <span class='ocrx_word' id='word_1_72' title='bbox 1211 542 1382 584; x_wconf 82' lang='lat' dir='ltr'>significare</span> <span class='ocrx_word' id='word_1_73' title='bbox 1404 533 1549 582; x_wconf 46' lang='lat' dir='ltr'>indetur,</span> <span class='ocrx_word' id='word_1_74' title='bbox 1570 543 1623 585; x_wconf 93' lang='lat' dir='ltr'>qui</span> <span class='ocrx_word' id='word_1_75' title='bbox 1646 544 1743 574; x_wconf 91' lang='lat' dir='ltr'>trium</span> <span class='ocrx_word' id='word_1_76' title='bbox 1768 543 1852 574; x_wconf 88' lang='lat' dir='ltr'>viro·</span> 
     </span>
     <span class='ocr_line' id='line_1_8' title="bbox 224 596 1852 639; baseline 0.004 -16"><span class='ocrx_word' id='word_1_77' title='bbox 224 604 296 624; x_wconf 87' lang='lat' dir='ltr'>rum</span> <span class='ocrx_word' id='word_1_78' title='bbox 327 596 577 636; x_wconf 80' lang='lat' dir='ltr'><strong>magnitudinem</strong></span> <span class='ocrx_word' id='word_1_79' title='bbox 599 602 722 637; x_wconf 87' lang='lat' dir='ltr'>aequat.</span> <span class='ocrx_word' id='word_1_80' title='bbox 765 596 845 626; x_wconf 83' lang='lat' dir='ltr'>Huic</span> <span class='ocrx_word' id='word_1_81' title='bbox 865 598 1044 637; x_wconf 81' lang='lat' dir='ltr'>proceritati</span> <span class='ocrx_word' id='word_1_82' title='bbox 1072 603 1103 628; x_wconf 85' lang='lat' dir='ltr'>et</span> <span class='ocrx_word' id='word_1_83' title='bbox 1124 598 1232 628; x_wconf 89' lang='lat' dir='ltr'>maciei</span> <span class='ocrx_word' id='word_1_84' title='bbox 1255 597 1394 627; x_wconf 86' lang='lat' dir='ltr'>comicus</span> <span class='ocrx_word' id='word_1_85' title='bbox 1416 597 1545 638; x_wconf 85' lang='lat' dir='ltr'>speciem</span> <span class='ocrx_word' id='word_1_86' title='bbox 1562 597 1703 639; x_wconf 87' lang='lat' dir='ltr'>adiungit</span> <span class='ocrx_word' id='word_1_87' title='bbox 1725 598 1852 629; x_wconf 86' lang='lat' dir='ltr'>fortitu-</span> 
     </span>
     <span class='ocr_line' id='line_1_9' title="bbox 228 648 1852 694; baseline 0.002 -15"><span class='ocrx_word' id='word_1_88' title='bbox 228 648 309 680; x_wconf 86' lang='lat' dir='ltr'>dinis</span> <span class='ocrx_word' id='word_1_89' title='bbox 334 655 366 680; x_wconf 91' lang='lat' dir='ltr'>et</span> <span class='ocrx_word' id='word_1_90' title='bbox 400 650 519 692; x_wconf 85' lang='lat' dir='ltr'>figurae</span> <span class='ocrx_word' id='word_1_91' title='bbox 541 651 698 691; x_wconf 82' lang='lat' dir='ltr'>leoninae,</span> <span class='ocrx_word' id='word_1_92' title='bbox 721 662 781 693; x_wconf 85' lang='lat' dir='ltr'>qua</span> <span class='ocrx_word' id='word_1_93' title='bbox 813 650 1021 693; x_wconf 84' lang='lat' dir='ltr'>appellatione</span> <span class='ocrx_word' id='word_1_94' title='bbox 1044 656 1075 682; x_wconf 90' lang='lat' dir='ltr'>et</span> <span class='ocrx_word' id='word_1_95' title='bbox 1096 662 1210 681; x_wconf 90' lang='lat' dir='ltr'>nomen</span> <span class='ocrx_word' id='word_1_96' title='bbox 1232 649 1462 692; x_wconf 78' lang='lat' dir='ltr'>Leotropliidae</span> <span class='ocrx_word' id='word_1_97' title='bbox 1492 650 1638 681; x_wconf 82' lang='lat' dir='ltr'>imitatur</span> <span class='ocrx_word' id='word_1_98' title='bbox 1657 652 1783 694; x_wconf 88' lang='lat' dir='ltr'>eiusque</span> <span class='ocrx_word' id='word_1_99' title='bbox 1803 657 1852 683; x_wconf 86' lang='lat' dir='ltr'>te-</span> 
     </span>
     <span class='ocr_line' id='line_1_10' title="bbox 226 705 1852 749; baseline 0.002 -14"><span class='ocrx_word' id='word_1_100' title='bbox 226 706 379 736; x_wconf 89' lang='lat' dir='ltr'>nuitatem</span> <span class='ocrx_word' id='word_1_101' title='bbox 403 706 557 740; x_wconf 77' lang='lat' dir='ltr'>declarat.</span> <span class='ocrx_word' id='word_1_102' title='bbox 604 707 689 737; x_wconf 82' lang='lat' dir='ltr'>Haec</span> <span class='ocrx_word' id='word_1_103' title='bbox 705 712 749 737; x_wconf 91' lang='lat' dir='ltr'>est</span> <span class='ocrx_word' id='word_1_104' title='bbox 770 706 864 737; x_wconf 87' lang='lat' dir='ltr'>huius</span> <span class='ocrx_word' id='word_1_105' title='bbox 888 717 993 737; x_wconf 88' lang='lat' dir='ltr'>versus</span> <span class='ocrx_word' id='word_1_106' title='bbox 1018 708 1065 738; x_wconf 90' lang='lat' dir='ltr'>vis</span> <span class='ocrx_word' id='word_1_107' title='bbox 1088 707 1219 746; x_wconf 85' lang='lat' dir='ltr'>ironica,</span> <span class='ocrx_word' id='word_1_108' title='bbox 1242 717 1322 747; x_wconf 91' lang='lat' dir='ltr'>quae</span> <span class='ocrx_word' id='word_1_109' title='bbox 1348 707 1472 747; x_wconf 87' lang='lat' dir='ltr'>penitus</span> <span class='ocrx_word' id='word_1_110' title='bbox 1493 705 1624 744; x_wconf 87' lang='lat' dir='ltr'>tollitur,</span> <span class='ocrx_word' id='word_1_111' title='bbox 1648 706 1674 737; x_wconf 90' lang='lat' dir='ltr'>si</span> <span class='ocrx_word' id='word_1_112' title='bbox 1691 706 1852 749; x_wconf 80' lang='lat' dir='ltr'>vulgatam</span> 
     </span>
     <span class='ocr_line' id='line_1_11' title="bbox 224 756 1852 804; baseline 0.003 -15"><span class='ocrx_word' id='word_1_113' title='bbox 224 758 394 790; x_wconf 89' lang='lat' dir='ltr'>lectionem</span> <span class='ocrx_word' id='word_1_114' title='bbox 418 756 590 797; x_wconf 83' lang='grc' dir='ltr'><em>Λεόντινος</em></span> <span class='ocrx_word' id='word_1_115' title='bbox 611 771 788 801; x_wconf 80' lang='lat' dir='ltr'>servamus,</span> <span class='ocrx_word' id='word_1_116' title='bbox 812 760 900 792; x_wconf 86' lang='lat' dir='ltr'>cuius</span> <span class='ocrx_word' id='word_1_117' title='bbox 922 762 982 793; x_wconf 83' lang='lat' dir='ltr'>viri</span> <span class='ocrx_word' id='word_1_118' title='bbox 1004 762 1101 804; x_wconf 85' lang='lat' dir='ltr'>ignoti</span> <span class='ocrx_word' id='word_1_119' title='bbox 1124 772 1255 801; x_wconf 89' lang='lat' dir='ltr'>nomen,</span> <span class='ocrx_word' id='word_1_120' title='bbox 1278 761 1346 802; x_wconf 90' lang='lat' dir='ltr'>quis</span> <span class='ocrx_word' id='word_1_121' title='bbox 1368 765 1422 799; x_wconf 86' lang='lat' dir='ltr'>est,</span> <span class='ocrx_word' id='word_1_122' title='bbox 1445 761 1498 802; x_wconf 87' lang='lat' dir='ltr'>qui</span> <span class='ocrx_word' id='word_1_123' title='bbox 1519 766 1628 792; x_wconf 88' lang='lat' dir='ltr'>nostro</span> <span class='ocrx_word' id='word_1_124' title='bbox 1645 759 1715 792; x_wconf 89' lang='lat' dir='ltr'>loco</span> <span class='ocrx_word' id='word_1_125' title='bbox 1736 761 1852 804; x_wconf 78' lang='lat' dir='ltr'>proba·</span> 
     </span>
     <span class='ocr_line' id='line_1_12' title="bbox 226 814 1852 860; baseline 0.002 -14"><span class='ocrx_word' id='word_1_126' title='bbox 226 814 336 847; x_wconf 86' lang='lat' dir='ltr'>biliter</span> <span class='ocrx_word' id='word_1_127' title='bbox 365 815 526 848; x_wconf 87' lang='lat' dir='ltr'>vindicare</span> <span class='ocrx_word' id='word_1_128' title='bbox 547 816 665 859; x_wconf 81' lang='lat' dir='ltr'>possit?</span> <span class='ocrx_word' id='word_1_129' title='bbox 687 817 790 858; x_wconf 88' lang='lat' dir='ltr'>Quam</span> <span class='ocrx_word' id='word_1_130' title='bbox 813 816 851 848; x_wconf 92' lang='lat' dir='ltr'>de</span> <span class='ocrx_word' id='word_1_131' title='bbox 874 817 980 860; x_wconf 87' lang='lat' dir='ltr'>priore</span> <span class='ocrx_word' id='word_1_132' title='bbox 1012 828 1106 850; x_wconf 87' lang='lat' dir='ltr'>versu</span> <span class='ocrx_word' id='word_1_133' title='bbox 1137 818 1322 849; x_wconf 87' lang='lat' dir='ltr'>sententiam</span> <span class='ocrx_word' id='word_1_134' title='bbox 1356 816 1573 859; x_wconf 84' lang='lat' dir='ltr'>exposuimus,</span> <span class='ocrx_word' id='word_1_135' title='bbox 1609 827 1677 849; x_wconf 88' lang='lat' dir='ltr'>eam</span> <span class='ocrx_word' id='word_1_136' title='bbox 1699 818 1732 849; x_wconf 88' lang='lat' dir='ltr'>in</span> <span class='ocrx_word' id='word_1_137' title='bbox 1754 816 1852 850; x_wconf 87' lang='lat' dir='ltr'>altero</span> 
     </span>
     <span class='ocr_line' id='line_1_13' title="bbox 227 869 1850 913; baseline 0.002 -12"><span class='ocrx_word' id='word_1_138' title='bbox 227 872 349 912; x_wconf 79' lang='lat' dir='ltr'>egregie</span> <span class='ocrx_word' id='word_1_139' title='bbox 376 872 541 912; x_wconf 83' lang='lat' dir='ltr'>probatam</span> <span class='ocrx_word' id='word_1_140' title='bbox 566 872 760 909; x_wconf 81' lang='lat' dir='ltr'>invenimus,</span> <span class='ocrx_word' id='word_1_141' title='bbox 794 883 866 902; x_wconf 89' lang='lat' dir='ltr'>cum</span> <span class='ocrx_word' id='word_1_142' title='bbox 887 873 1104 903; x_wconf 84' lang='lat' dir='ltr'>additamento</span> <span class='ocrx_word' id='word_1_143' title='bbox 1128 869 1234 913; x_wconf 72' lang='grc' dir='ltr'><em>ὥσπερ</em></span> <span class='ocrx_word' id='word_1_144' title='bbox 1254 869 1360 912; x_wconf 78' lang='grc' dir='ltr'><strong><em>νεκρὸς</em></strong></span> <span class='ocrx_word' id='word_1_145' title='bbox 1380 872 1640 913; x_wconf 77' lang='lat' dir='ltr'>praecedentibus</span> <span class='ocrx_word' id='word_1_146' title='bbox 1662 873 1769 904; x_wconf 87' lang='lat' dir='ltr'>verbis</span> <span class='ocrx_word' id='word_1_147' title='bbox 1793 884 1850 905; x_wconf 85' lang='lat' dir='ltr'>sua</span> 
     </span>
     <span class='ocr_line' id='line_1_14' title="bbox 228 927 1850 970; baseline 0.002 -13"><span class='ocrx_word' id='word_1_148' title='bbox 228 927 344 968; x_wconf 71' lang='lat' dir='ltr'>cuique</span> <span class='ocrx_word' id='word_1_149' title='bbox 361 927 555 969; x_wconf 84' lang='lat' dir='ltr'>significatio,</span> <span class='ocrx_word' id='word_1_150' title='bbox 574 928 695 969; x_wconf 86' lang='lat' dir='ltr'>totique</span> <span class='ocrx_word' id='word_1_151' title='bbox 713 927 890 970; x_wconf 83' lang='lat' dir='ltr'>fragmento</span> <span class='ocrx_word' id='word_1_152' title='bbox 910 929 1159 970; x_wconf 84' lang='lat' dir='ltr'>reprehensionis</span> <span class='ocrx_word' id='word_1_153' title='bbox 1175 927 1259 960; x_wconf 88' lang='lat' dir='ltr'>color</span> <span class='ocrx_word' id='word_1_154' title='bbox 1278 928 1446 959; x_wconf 85' lang='lat' dir='ltr'>tribuatur.</span> <span class='ocrx_word' id='word_1_155' title='bbox 1467 927 1603 958; x_wconf 90' lang='lat' dir='ltr'>Tantum</span> <span class='ocrx_word' id='word_1_156' title='bbox 1627 929 1709 960; x_wconf 88' lang='lat' dir='ltr'>enim</span> <span class='ocrx_word' id='word_1_157' title='bbox 1729 928 1850 967; x_wconf 83' lang='lat' dir='ltr'>aberat,</span> 
     </span>
     <span class='ocr_line' id='line_1_15' title="bbox 228 982 1851 1025; baseline 0.002 -14"><span class='ocrx_word' id='word_1_158' title='bbox 228 988 264 1011; x_wconf 93' lang='lat' dir='ltr'>ut</span> <span class='ocrx_word' id='word_1_159' title='bbox 278 983 503 1023; x_wconf 77' lang='lat' dir='ltr'>Leotropliides</span> <span class='ocrx_word' id='word_1_160' title='bbox 527 983 724 1024; x_wconf 83' lang='lat' dir='ltr'>splendorem</span> <span class='ocrx_word' id='word_1_161' title='bbox 747 983 1184 1025; x_wconf 82' lang='lat' dir='ltr'>quendam,magnificentiam</span> <span class='ocrx_word' id='word_1_162' title='bbox 1197 985 1389 1025; x_wconf 87' lang='lat' dir='ltr'>speciemque</span> <span class='ocrx_word' id='word_1_163' title='bbox 1411 982 1567 1013; x_wconf 88' lang='lat' dir='ltr'>leoninam</span> <span class='ocrx_word' id='word_1_164' title='bbox 1589 994 1668 1024; x_wconf 89' lang='lat' dir='ltr'>prae</span> <span class='ocrx_word' id='word_1_165' title='bbox 1688 993 1719 1013; x_wconf 88' lang='lat' dir='ltr'>se</span> <span class='ocrx_word' id='word_1_166' title='bbox 1741 983 1851 1023; x_wconf 81' lang='lat' dir='ltr'>ferret,</span> 
     </span>
     <span class='ocr_line' id='line_1_16' title="bbox 227 1032 1849 1080; baseline 0.001 -13"><span class='ocrx_word' id='word_1_167' title='bbox 227 1042 263 1067; x_wconf 91' lang='lat' dir='ltr'>ut</span> <span class='ocrx_word' id='word_1_168' title='bbox 291 1037 393 1078; x_wconf 89' lang='lat' dir='ltr'>potius</span> <span class='ocrx_word' id='word_1_169' title='bbox 425 1036 611 1068; x_wconf 88' lang='lat' dir='ltr'>deridendus</span> <span class='ocrx_word' id='word_1_170' title='bbox 641 1044 717 1068; x_wconf 87' lang='lat' dir='ltr'>esset</span> <span class='ocrx_word' id='word_1_171' title='bbox 748 1044 880 1079; x_wconf 88' lang='lat' dir='ltr'>propter</span> <span class='ocrx_word' id='word_1_172' title='bbox 912 1038 1142 1070; x_wconf 82' lang='lat' dir='ltr'>deformitatem</span> <span class='ocrx_word' id='word_1_173' title='bbox 1171 1044 1200 1069; x_wconf 91' lang='lat' dir='ltr'>et</span> <span class='ocrx_word' id='word_1_174' title='bbox 1223 1036 1476 1070; x_wconf 84' lang='lat' dir='ltr'>imbecillitatem.</span> <span class='ocrx_word' id='word_1_175' title='bbox 1519 1038 1586 1068; x_wconf 92' lang='lat' dir='ltr'>Non</span> <span class='ocrx_word' id='word_1_176' title='bbox 1606 1038 1703 1080; x_wconf 84' lang='lat' dir='ltr'>igitur</span> <span class='ocrx_word' id='word_1_177' title='bbox 1722 1032 1849 1079; x_wconf 71' lang='grc' dir='ltr'><em>εὕχρως</em></span> 
     </span>
     <span class='ocr_line' id='line_1_17' title="bbox 228 1090 1851 1134; baseline 0 -12"><span class='ocrx_word' id='word_1_178' title='bbox 228 1092 362 1122; x_wconf 85' lang='lat' dir='ltr'>debebat</span> <span class='ocrx_word' id='word_1_179' title='bbox 374 1095 538 1128; x_wconf 74' lang='lat' dir='ltr'>nominari,</span> <span class='ocrx_word' id='word_1_180' title='bbox 561 1093 615 1123; x_wconf 88' lang='lat' dir='ltr'>sed</span> <span class='ocrx_word' id='word_1_181' title='bbox 636 1090 773 1134; x_wconf 75' lang='grc' dir='ltr'><em>χλωρός,</em></span> <span class='ocrx_word' id='word_1_182' title='bbox 798 1105 862 1134; x_wconf 90' lang='lat' dir='ltr'>quo</span> <span class='ocrx_word' id='word_1_183' title='bbox 885 1093 991 1124; x_wconf 87' lang='lat' dir='ltr'>colore</span> <span class='ocrx_word' id='word_1_184' title='bbox 1003 1106 1073 1124; x_wconf 87' lang='lat' dir='ltr'>eum</span> <span class='ocrx_word' id='word_1_185' title='bbox 1091 1095 1286 1134; x_wconf 85' lang='lat' dir='ltr'>conspicuum</span> <span class='ocrx_word' id='word_1_186' title='bbox 1300 1093 1565 1123; x_wconf 83' lang='lat' dir='ltr'>fuissescholiasta</span> <span class='ocrx_word' id='word_1_187' title='bbox 1593 1103 1688 1134; x_wconf 89' lang='lat' dir='ltr'>supra</span> <span class='ocrx_word' id='word_1_188' title='bbox 1708 1092 1851 1123; x_wconf 84' lang='lat' dir='ltr'>laudatus</span> 
     </span>
     <span class='ocr_line' id='line_1_18' title="bbox 229 1143 1850 1190; baseline -0.001 -13"><span class='ocrx_word' id='word_1_189' title='bbox 229 1147 342 1178; x_wconf 85' lang='lat' dir='ltr'>diserte</span> <span class='ocrx_word' id='word_1_190' title='bbox 363 1153 504 1186; x_wconf 87' lang='lat' dir='ltr'>testatur,</span> <span class='ocrx_word' id='word_1_191' title='bbox 531 1158 631 1189; x_wconf 86' lang='lat' dir='ltr'>neque</span> <span class='ocrx_word' id='word_1_192' title='bbox 648 1147 788 1188; x_wconf 72' lang='grc' dir='ltr'><em>χαρίεις,</em></span> <span class='ocrx_word' id='word_1_193' title='bbox 819 1149 874 1179; x_wconf 86' lang='lat' dir='ltr'>sed</span> <span class='ocrx_word' id='word_1_194' title='bbox 897 1143 1034 1190; x_wconf 72' lang='grc' dir='ltr'><strong><em>ἄχαρις,</em></strong></span> <span class='ocrx_word' id='word_1_195' title='bbox 1059 1159 1152 1189; x_wconf 87' lang='lat' dir='ltr'>quam</span> <span class='ocrx_word' id='word_1_196' title='bbox 1171 1148 1460 1189; x_wconf 84' lang='lat' dir='ltr'>interpretationem</span> <span class='ocrx_word' id='word_1_197' title='bbox 1489 1151 1598 1188; x_wconf 87' lang='lat' dir='ltr'>aperte</span> <span class='ocrx_word' id='word_1_198' title='bbox 1624 1145 1751 1188; x_wconf 89' lang='lat' dir='ltr'>praebet</span> <span class='ocrx_word' id='word_1_199' title='bbox 1772 1144 1850 1177; x_wconf 91' lang='lat' dir='ltr'>illud</span> 
     </span>
     <span class='ocr_line' id='line_1_19' title="bbox 228 1199 1848 1244; baseline 0.001 -13"><span class='ocrx_word' id='word_1_200' title='bbox 228 1199 335 1240; x_wconf 72' lang='grc' dir='ltr'><em>ὥσπερ</em></span> <span class='ocrx_word' id='word_1_201' title='bbox 367 1200 481 1243; x_wconf 67' lang='grc' dir='ltr'><strong><em>νεκρός.</em></strong></span> <span class='ocrx_word' id='word_1_202' title='bbox 527 1203 635 1244; x_wconf 85' lang='lat' dir='ltr'>Itaque</span> <span class='ocrx_word' id='word_1_203' title='bbox 664 1205 803 1233; x_wconf 85' lang='lat' dir='ltr'>continet</span> <span class='ocrx_word' id='word_1_204' title='bbox 841 1203 1056 1244; x_wconf 84' lang='lat' dir='ltr'>fragmentum</span> <span class='ocrx_word' id='word_1_205' title='bbox 1089 1204 1284 1244; x_wconf 86' lang='lat' dir='ltr'>Theopompi</span> <span class='ocrx_word' id='word_1_206' title='bbox 1318 1203 1561 1243; x_wconf 82' lang='lat' dir='ltr'>descriptionem</span> <span class='ocrx_word' id='word_1_207' title='bbox 1595 1202 1848 1244; x_wconf 86' lang='lat' dir='ltr'>Leotrophidae,</span> 
     </span>
     <span class='ocr_line' id='line_1_20' title="bbox 227 1256 1850 1299; baseline 0 -13"><span class='ocrx_word' id='word_1_208' title='bbox 227 1256 360 1286; x_wconf 83' lang='lat' dir='ltr'>hominis</span> <span class='ocrx_word' id='word_1_209' title='bbox 388 1258 530 1298; x_wconf 85' lang='lat' dir='ltr'>proceri,</span> <span class='ocrx_word' id='word_1_210' title='bbox 568 1256 727 1288; x_wconf 88' lang='lat' dir='ltr'>macilenti</span> <span class='ocrx_word' id='word_1_211' title='bbox 750 1263 779 1288; x_wconf 90' lang='lat' dir='ltr'>et</span> <span class='ocrx_word' id='word_1_212' title='bbox 809 1256 901 1288; x_wconf 82' lang='lat' dir='ltr'>valde</span> <span class='ocrx_word' id='word_1_213' title='bbox 932 1258 1108 1295; x_wconf 86' lang='lat' dir='ltr'>invenusti,</span> <span class='ocrx_word' id='word_1_214' title='bbox 1143 1259 1214 1297; x_wconf 86' lang='lat' dir='ltr'>cui,</span> <span class='ocrx_word' id='word_1_215' title='bbox 1246 1263 1282 1288; x_wconf 88' lang='lat' dir='ltr'>ut</span> <span class='ocrx_word' id='word_1_216' title='bbox 1311 1257 1444 1288; x_wconf 91' lang='lat' dir='ltr'>Ovidius</span> <span class='ocrx_word' id='word_1_217' title='bbox 1466 1257 1571 1296; x_wconf 88' lang='lat' dir='ltr'>canit,</span> <span class='ocrx_word' id='word_1_218' title='bbox 1596 1256 1711 1299; x_wconf 85' lang='lat' dir='ltr'>pallor</span> <span class='ocrx_word' id='word_1_219' title='bbox 1742 1257 1775 1287; x_wconf 81' lang='lat' dir='ltr'>in</span> <span class='ocrx_word' id='word_1_220' title='bbox 1796 1266 1850 1286; x_wconf 81' lang='lat' dir='ltr'>ore</span> 
     </span>
     <span class='ocr_line' id='line_1_21' title="bbox 227 1313 1850 1356; baseline 0.001 -13"><span class='ocrx_word' id='word_1_221' title='bbox 227 1313 322 1351; x_wconf 82' lang='lat' dir='ltr'>sedet,</span> <span class='ocrx_word' id='word_1_222' title='bbox 346 1314 459 1344; x_wconf 80' lang='lat' dir='ltr'>macies</span> <span class='ocrx_word' id='word_1_223' title='bbox 480 1314 514 1344; x_wconf 81' lang='lat' dir='ltr'>in</span> <span class='ocrx_word' id='word_1_224' title='bbox 538 1325 666 1356; x_wconf 81' lang='lat' dir='ltr'>corpore</span> <span class='ocrx_word' id='word_1_225' title='bbox 687 1321 756 1347; x_wconf 83' lang='lat' dir='ltr'>toto.</span> <span class='ocrx_word' id='word_1_226' title='bbox 789 1314 958 1356; x_wconf 81' lang='lat' dir='ltr'>Exagitare</span> <span class='ocrx_word' id='word_1_227' title='bbox 980 1315 1128 1346; x_wconf 87' lang='lat' dir='ltr'>eiusmodi</span> <span class='ocrx_word' id='word_1_228' title='bbox 1150 1315 1290 1346; x_wconf 88' lang='lat' dir='ltr'>homines</span> <span class='ocrx_word' id='word_1_229' title='bbox 1313 1313 1513 1353; x_wconf 87' lang='lat' dir='ltr'>macilentos,</span> <span class='ocrx_word' id='word_1_230' title='bbox 1535 1318 1639 1356; x_wconf 83' lang='lat' dir='ltr'>poetas</span> <span class='ocrx_word' id='word_1_231' title='bbox 1657 1313 1850 1355; x_wconf 91' lang='lat' dir='ltr'>potissimum</span> 
     </span>
     <span class='ocr_line' id='line_1_22' title="bbox 229 1367 1848 1409; baseline 0.002 -12"><span class='ocrx_word' id='word_1_232' title='bbox 229 1367 492 1409; x_wconf 65' lang='lat' dir='ltr'>dsthymmbicos,</span> <span class='ocrx_word' id='word_1_233' title='bbox 528 1369 652 1398; x_wconf 89' lang='lat' dir='ltr'>comicis</span> <span class='ocrx_word' id='word_1_234' title='bbox 673 1369 804 1398; x_wconf 84' lang='lat' dir='ltr'>maxime</span> <span class='ocrx_word' id='word_1_235' title='bbox 826 1367 993 1409; x_wconf 86' lang='lat' dir='ltr'>placuisse,</span> <span class='ocrx_word' id='word_1_236' title='bbox 1020 1375 1103 1399; x_wconf 85' lang='lat' dir='ltr'>certa</span> <span class='ocrx_word' id='word_1_237' title='bbox 1127 1376 1266 1400; x_wconf 83' lang='lat' dir='ltr'>veterum</span> <span class='ocrx_word' id='word_1_238' title='bbox 1290 1370 1464 1399; x_wconf 81' lang='lat' dir='ltr'>testimonia</span> <span class='ocrx_word' id='word_1_239' title='bbox 1488 1369 1603 1400; x_wconf 90' lang='lat' dir='ltr'>docent</span> <span class='ocrx_word' id='word_1_240' title='bbox 1633 1368 1706 1407; x_wconf 78' lang='lat' dir='ltr'>(cfr.</span> <span class='ocrx_word' id='word_1_241' title='bbox 1731 1368 1848 1400; x_wconf 83' lang='lat' dir='ltr'>Athen.</span> 
     </span>
     <span class='ocr_line' id='line_1_23' title="bbox 229 1422 1849 1466; baseline 0.002 -14"><span class='ocrx_word' id='word_1_242' title='bbox 229 1422 248 1453; x_wconf 87' lang='lat' dir='ltr'>l.</span> <span class='ocrx_word' id='word_1_243' title='bbox 273 1422 328 1461; x_wconf 92' lang='lat' dir='ltr'>l.)‚</span> <span class='ocrx_word' id='word_1_244' title='bbox 360 1424 457 1464; x_wconf 87' lang='lat' dir='ltr'>iisqne</span> <span class='ocrx_word' id='word_1_245' title='bbox 486 1422 558 1453; x_wconf 88' lang='lat' dir='ltr'>solis</span> <span class='ocrx_word' id='word_1_246' title='bbox 585 1423 792 1454; x_wconf 81' lang='lat' dir='ltr'>tribuendum</span> <span class='ocrx_word' id='word_1_247' title='bbox 815 1434 880 1454; x_wconf 88' lang='lat' dir='ltr'>esse</span> <span class='ocrx_word' id='word_1_248' title='bbox 902 1429 981 1465; x_wconf 89' lang='lat' dir='ltr'>puto</span> <span class='ocrx_word' id='word_1_249' title='bbox 1003 1423 1080 1455; x_wconf 88' lang='lat' dir='ltr'>illud</span> <span class='ocrx_word' id='word_1_250' title='bbox 1101 1426 1217 1456; x_wconf 90' lang='lat' dir='ltr'>dictum</span> <span class='ocrx_word' id='word_1_251' title='bbox 1246 1425 1337 1456; x_wconf 88' lang='lat' dir='ltr'>valde</span> <span class='ocrx_word' id='word_1_252' title='bbox 1369 1425 1507 1466; x_wconf 89' lang='lat' dir='ltr'>lepidum</span> <span class='ocrx_word' id='word_1_253' title='bbox 1535 1424 1575 1455; x_wconf 88' lang='lat' dir='ltr'>de</span> <span class='ocrx_word' id='word_1_254' title='bbox 1608 1424 1732 1456; x_wconf 81' lang='lat' dir='ltr'>Phileta</span> <span class='ocrx_word' id='word_1_255' title='bbox 1771 1424 1849 1462; x_wconf 89' lang='lat' dir='ltr'>Coo,</span> 
     </span>
     <span class='ocr_line' id='line_1_24' title="bbox 228 1476 1850 1519; baseline 0 -13"><span class='ocrx_word' id='word_1_256' title='bbox 228 1479 280 1517; x_wconf 87' lang='lat' dir='ltr'>qui</span> <span class='ocrx_word' id='word_1_257' title='bbox 303 1478 342 1506; x_wconf 93' lang='lat' dir='ltr'>ob</span> <span class='ocrx_word' id='word_1_258' title='bbox 371 1488 524 1507; x_wconf 87' lang='lat' dir='ltr'>summam</span> <span class='ocrx_word' id='word_1_259' title='bbox 556 1479 696 1519; x_wconf 85' lang='lat' dir='ltr'>corporis</span> <span class='ocrx_word' id='word_1_260' title='bbox 728 1479 932 1518; x_wconf 85' lang='lat' dir='ltr'>gracilitatem</span> <span class='ocrx_word' id='word_1_261' title='bbox 968 1484 1000 1508; x_wconf 89' lang='lat' dir='ltr'>et</span> <span class='ocrx_word' id='word_1_262' title='bbox 1032 1480 1162 1509; x_wconf 89' lang='lat' dir='ltr'>maciem</span> <span class='ocrx_word' id='word_1_263' title='bbox 1191 1489 1261 1508; x_wconf 90' lang='lat' dir='ltr'>cum</span> <span class='ocrx_word' id='word_1_264' title='bbox 1284 1479 1392 1518; x_wconf 89' lang='lat' dir='ltr'>quavis</span> <span class='ocrx_word' id='word_1_265' title='bbox 1415 1478 1576 1508; x_wconf 85' lang='lat' dir='ltr'>occasione</span> <span class='ocrx_word' id='word_1_266' title='bbox 1597 1476 1686 1507; x_wconf 86' lang='lat' dir='ltr'>facile</span> <span class='ocrx_word' id='word_1_267' title='bbox 1712 1476 1850 1507; x_wconf 84' lang='lat' dir='ltr'>subverti</span> 
     </span>
     <span class='ocr_line' id='line_1_25' title="bbox 226 1531 1849 1576; baseline -0.001 -14"><span class='ocrx_word' id='word_1_268' title='bbox 226 1543 314 1573; x_wconf 84' lang='lat' dir='ltr'>posse</span> <span class='ocrx_word' id='word_1_269' title='bbox 338 1532 518 1573; x_wconf 82' lang='lat' dir='ltr'>videretur,</span> <span class='ocrx_word' id='word_1_270' title='bbox 549 1531 711 1574; x_wconf 83' lang='lat' dir='ltr'>plumbeas</span> <span class='ocrx_word' id='word_1_271' title='bbox 732 1533 831 1564; x_wconf 87' lang='lat' dir='ltr'>soleas</span> <span class='ocrx_word' id='word_1_272' title='bbox 853 1539 987 1576; x_wconf 83' lang='lat' dir='ltr'>gestasse</span> <span class='ocrx_word' id='word_1_273' title='bbox 1010 1533 1146 1573; x_wconf 89' lang='lat' dir='ltr'>dicitur,</span> <span class='ocrx_word' id='word_1_274' title='bbox 1178 1544 1216 1564; x_wconf 89' lang='lat' dir='ltr'>ne</span> <span class='ocrx_word' id='word_1_275' title='bbox 1239 1544 1255 1563; x_wconf 90' lang='lat' dir='ltr'>a</span> <span class='ocrx_word' id='word_1_276' title='bbox 1282 1533 1380 1563; x_wconf 84' lang='lat' dir='ltr'>ventis</span> <span class='ocrx_word' id='word_1_277' title='bbox 1408 1536 1676 1574; x_wconf 83' lang='lat' dir='ltr'>prosterneretur,</span> <span class='ocrx_word' id='word_1_278' title='bbox 1707 1532 1732 1562; x_wconf 90' lang='lat' dir='ltr'>si</span> <span class='ocrx_word' id='word_1_279' title='bbox 1755 1531 1849 1573; x_wconf 89' lang='lat' dir='ltr'>paulo</span> 
     </span>
     <span class='ocr_line' id='line_1_26' title="bbox 229 1587 1806 1628; baseline 0 -10"><span class='ocrx_word' id='word_1_280' title='bbox 229 1589 442 1619; x_wconf 81' lang='lat' dir='ltr'>vehementius</span> <span class='ocrx_word' id='word_1_281' title='bbox 466 1600 537 1620; x_wconf 87' lang='lat' dir='ltr'>cum</span> <span class='ocrx_word' id='word_1_282' title='bbox 558 1590 709 1623; x_wconf 85' lang='lat' dir='ltr'>afflarent.</span> <span class='ocrx_word' id='word_1_283' title='bbox 756 1590 819 1620; x_wconf 87' lang='lat' dir='ltr'>Cfr.</span> <span class='ocrx_word' id='word_1_284' title='bbox 844 1590 968 1621; x_wconf 82' lang='lat' dir='ltr'>Aelian.</span> <span class='ocrx_word' id='word_1_285' title='bbox 992 1591 1030 1620; x_wconf 95' lang='lat' dir='ltr'>V.</span> <span class='ocrx_word' id='word_1_286' title='bbox 1057 1590 1096 1622; x_wconf 88' lang='lat' dir='ltr'>H.</span> <span class='ocrx_word' id='word_1_287' title='bbox 1120 1590 1172 1620; x_wconf 85' lang='lat' dir='ltr'>lx.</span> <span class='ocrx_word' id='word_1_288' title='bbox 1196 1601 1221 1620; x_wconf 92' lang='lat' dir='ltr'>c.</span> <span class='ocrx_word' id='word_1_289' title='bbox 1248 1589 1293 1628; x_wconf 70' lang='grc'>14.</span> <span class='ocrx_word' id='word_1_290' title='bbox 1316 1590 1356 1621; x_wconf 91' lang='lat' dir='ltr'>X.</span> <span class='ocrx_word' id='word_1_291' title='bbox 1381 1600 1408 1621; x_wconf 77' lang='lat' dir='ltr'>e.</span> <span class='ocrx_word' id='word_1_292' title='bbox 1432 1587 1461 1619; x_wconf 78' lang='grc'>6.</span> <span class='ocrx_word' id='word_1_293' title='bbox 1483 1589 1597 1618; x_wconf 87' lang='lat' dir='ltr'>Athen.</span> <span class='ocrx_word' id='word_1_294' title='bbox 1622 1598 1651 1628; x_wconf 83' lang='lat' dir='ltr'>p.</span> <span class='ocrx_word' id='word_1_295' title='bbox 1675 1587 1749 1618; x_wconf 84' lang='lat'><strong>552.</strong></span> <span class='ocrx_word' id='word_1_296' title='bbox 1773 1588 1806 1618; x_wconf 89' lang='lat' dir='ltr'>B.</span> 
     </span>
    </p>

    <p class='ocr_par' dir='ltr' id='par_1_3' title="bbox 228 1641 1849 1907">
     <span class='ocr_line' id='line_1_27' title="bbox 314 1641 1849 1686; baseline -0.001 -14"><span class='ocrx_word' id='word_1_297' title='bbox 314 1644 352 1672; x_wconf 90' lang='lat' dir='ltr'>ll.</span> <span class='ocrx_word' id='word_1_298' title='bbox 376 1643 560 1673; x_wconf 84' lang='lat' dir='ltr'>Eustathius</span> <span class='ocrx_word' id='word_1_299' title='bbox 581 1643 621 1673; x_wconf 85' lang='lat' dir='ltr'>ad</span> <span class='ocrx_word' id='word_1_300' title='bbox 646 1644 738 1675; x_wconf 85' lang='lat' dir='ltr'>Hom.</span> <span class='ocrx_word' id='word_1_301' title='bbox 762 1644 871 1686; x_wconf 82' lang='lat' dir='ltr'>Odyss.</span> <span class='ocrx_word' id='word_1_302' title='bbox 895 1646 921 1683; x_wconf 78' lang='grc' dir='ltr'>ξ,</span> <span class='ocrx_word' id='word_1_303' title='bbox 943 1656 971 1686; x_wconf 90' lang='lat' dir='ltr'>p.</span> <span class='ocrx_word' id='word_1_304' title='bbox 1003 1644 1103 1686; x_wconf 82' lang='lat'>1761,</span> <span class='ocrx_word' id='word_1_305' title='bbox 1133 1644 1184 1674; x_wconf 74' lang='lat'>23.</span> <span class='ocrx_word' id='word_1_306' title='bbox 1209 1654 1225 1673; x_wconf 91' lang='lat' dir='ltr'>e</span> <span class='ocrx_word' id='word_1_307' title='bbox 1248 1644 1372 1684; x_wconf 88' lang='lat' dir='ltr'>scriptis</span> <span class='ocrx_word' id='word_1_308' title='bbox 1400 1641 1621 1682; x_wconf 85' lang='lat' dir='ltr'>Aristophanis</span> <span class='ocrx_word' id='word_1_309' title='bbox 1655 1641 1849 1682; x_wconf 81' lang='lat' dir='ltr'>grammatici</span> 
     </span>
     <span class='ocr_line' id='line_1_28' title="bbox 228 1696 1848 1742; baseline -0.002 -12"><span class='ocrx_word' id='word_1_310' title='bbox 228 1699 326 1730; x_wconf 87' lang='lat' dir='ltr'>multa</span> <span class='ocrx_word' id='word_1_311' title='bbox 345 1699 494 1729; x_wconf 88' lang='lat' dir='ltr'>vocabula</span> <span class='ocrx_word' id='word_1_312' title='bbox 516 1710 597 1730; x_wconf 87' lang='lat' dir='ltr'>nova</span> <span class='ocrx_word' id='word_1_313' title='bbox 623 1706 716 1742; x_wconf 88' lang='lat' dir='ltr'>atque</span> <span class='ocrx_word' id='word_1_314' title='bbox 741 1701 886 1731; x_wconf 86' lang='lat' dir='ltr'>inusitata</span> <span class='ocrx_word' id='word_1_315' title='bbox 923 1696 1156 1741; x_wconf 78' lang='grc' dir='ltr'><em>(καινοφιόνους</em></span> <span class='ocrx_word' id='word_1_316' title='bbox 1177 1698 1285 1738; x_wconf 79' lang='grc' dir='ltr'><em>λέξεις)</em></span> <span class='ocrx_word' id='word_1_317' title='bbox 1309 1703 1542 1736; x_wconf 81' lang='lat' dir='ltr'>commemorat,</span> <span class='ocrx_word' id='word_1_318' title='bbox 1564 1707 1699 1739; x_wconf 90' lang='lat' dir='ltr'>quorum</span> <span class='ocrx_word' id='word_1_319' title='bbox 1722 1702 1753 1727; x_wconf 88' lang='lat' dir='ltr'>ct</span> <span class='ocrx_word' id='word_1_320' title='bbox 1773 1696 1848 1727; x_wconf 89' lang='lat' dir='ltr'>hacc</span> 
     </span>
     <span class='ocr_line' id='line_1_29' title="bbox 229 1749 1848 1796; baseline -0.002 -12"><span class='ocrx_word' id='word_1_321' title='bbox 229 1758 322 1791; x_wconf 86' lang='lat' dir='ltr'>sunt,</span> <span class='ocrx_word' id='word_1_322' title='bbox 344 1753 427 1792; x_wconf 71' lang='grc' dir='ltr'><em>λέγει</em></span> <span class='ocrx_word' id='word_1_323' title='bbox 450 1753 484 1783; x_wconf 73' lang='grc' dir='ltr'>δὲ</span> <span class='ocrx_word' id='word_1_324' title='bbox 507 1753 562 1784; x_wconf 77' lang='grc' dir='ltr'>καὶ</span> <span class='ocrx_word' id='word_1_325' title='bbox 583 1754 784 1791; x_wconf 79' lang='grc' dir='ltr'><em>λαπίζειν</em></span> <span class='ocrx_word' id='word_1_326' title='bbox 806 1752 895 1796; x_wconf 82' lang='grc' dir='ltr'><em>παρὰ</em></span> <span class='ocrx_word' id='word_1_327' title='bbox 920 1755 1082 1795; x_wconf 79' lang='grc' dir='ltr'><em>Σοφοκλεῖ</em></span> <span class='ocrx_word' id='word_1_328' title='bbox 1098 1750 1133 1783; x_wconf 79' lang='grc' dir='ltr'>τὸ</span> <span class='ocrx_word' id='word_1_329' title='bbox 1158 1752 1310 1793; x_wconf 76' lang='grc' dir='ltr'><strong><em>συρίζειν,</em></strong></span> <span class='ocrx_word' id='word_1_330' title='bbox 1334 1751 1391 1783; x_wconf 80' lang='grc' dir='ltr'><em>καί</em></span> <span class='ocrx_word' id='word_1_331' title='bbox 1412 1752 1580 1794; x_wconf 77' lang='grc' dir='ltr'><strong><em>βαυβᾷν</em></strong></span> <span class='ocrx_word' id='word_1_332' title='bbox 1601 1749 1637 1781; x_wconf 79' lang='grc' dir='ltr'>τό</span> <span class='ocrx_word' id='word_1_333' title='bbox 1661 1750 1848 1790; x_wconf 73' lang='grc' dir='ltr'><em>κοιμᾶσθαι,</em></span> 
     </span>
     <span class='ocr_line' id='line_1_30' title="bbox 231 1803 1848 1852; baseline -0.001 -14"><span class='ocrx_word' id='word_1_334' title='bbox 231 1803 308 1840; x_wconf 84' lang='grc' dir='ltr'><em>οἷον·</em></span> <span class='ocrx_word' id='word_1_335' title='bbox 334 1805 350 1847; x_wconf 72' lang='grc' dir='ltr'><em>ἦ</em></span> <span class='ocrx_word' id='word_1_336' title='bbox 379 1807 419 1839; x_wconf 78' lang='grc' dir='ltr'>δὲ</span> <span class='ocrx_word' id='word_1_337' title='bbox 447 1806 722 1849; x_wconf 78' lang='grc' dir='ltr'><em>προύκαλεῖτό</em></span> <span class='ocrx_word' id='word_1_338' title='bbox 740 1811 812 1852; x_wconf 57' lang='lat' dir='ltr'>pce}</span> <span class='ocrx_word' id='word_1_339' title='bbox 837 1808 998 1852; x_wconf 78' lang='grc' dir='ltr'><em>βαυβᾷν</em></span> <span class='ocrx_word' id='word_1_340' title='bbox 1020 1809 1100 1849; x_wconf 84' lang='grc' dir='ltr'><em>μετ’</em></span> <span class='ocrx_word' id='word_1_341' title='bbox 1128 1806 1304 1849; x_wconf 75' lang='grc' dir='ltr'><strong><em>αὕτῆς-</em></strong></span> <span class='ocrx_word' id='word_1_342' title='bbox 1326 1803 1422 1847; x_wconf 69' lang='grc' dir='ltr'><strong><em>ὅθεν,</em></strong></span> <span class='ocrx_word' id='word_1_343' title='bbox 1446 1806 1544 1849; x_wconf 78' lang='grc' dir='ltr'><em>φησί,</em></span> <span class='ocrx_word' id='word_1_344' title='bbox 1568 1803 1624 1837; x_wconf 67' lang='grc' dir='ltr'>καὶ</span> <span class='ocrx_word' id='word_1_345' title='bbox 1642 1803 1730 1848; x_wconf 72' lang='grc' dir='ltr'><em>παρὰ</em></span> <span class='ocrx_word' id='word_1_346' title='bbox 1752 1806 1848 1847; x_wconf 83' lang='grc' dir='ltr'><strong><em>Κρα-</em></strong></span> 
     </span>
     <span class='ocr_line' id='line_1_31' title="bbox 229 1862 373 1907; baseline 0 -11"><span class='ocrx_word' id='word_1_347' title='bbox 229 1866 304 1907; x_wconf 64' lang='grc' dir='ltr'>τίνῳ</span> <span class='ocrx_word' id='word_1_348' title='bbox 329 1862 373 1902; x_wconf 80' lang='grc' dir='ltr'>τό,</span> 
     </span>
    </p>

    <p class='ocr_par' dir='ltr' id='par_1_4' title="bbox 582 1916 1398 1963">
     <span class='ocr_line' id='line_1_32' title="bbox 582 1916 1398 1963; baseline -0.004 -12"><span class='ocrx_word' id='word_1_349' title='bbox 582 1921 672 1961; x_wconf 74' lang='grc' dir='ltr'><em>λόγος</em></span> <span class='ocrx_word' id='word_1_350' title='bbox 696 1932 745 1958; x_wconf 89' lang='grc' dir='ltr'>τις</span> <span class='ocrx_word' id='word_1_351' title='bbox 767 1919 886 1963; x_wconf 76' lang='grc' dir='ltr'><em>ὑπῆλθ’</em></span> <span class='ocrx_word' id='word_1_352' title='bbox 913 1916 998 1961; x_wconf 78' lang='grc' dir='ltr'><strong><em>ἡμᾶς</em></strong></span> <span class='ocrx_word' id='word_1_353' title='bbox 1021 1916 1152 1960; x_wconf 51' lang='lat' dir='ltr'>‹itta-9314·</span> <span class='ocrx_word' id='word_1_354' title='bbox 1183 1916 1398 1958; x_wconf 80' lang='grc' dir='ltr'><em>συβάυβαλος.</em></span> 
     </span>
    </p>

    <p class='ocr_par' dir='ltr' id='par_1_5' title="bbox 227 1970 1850 2294">
     <span class='ocr_line' id='line_1_33' title="bbox 317 1970 1849 2016; baseline -0.003 -10"><span class='ocrx_word' id='word_1_355' title='bbox 317 1975 369 2006; x_wconf 80' lang='lat' dir='ltr'>Ad</span> <span class='ocrx_word' id='word_1_356' title='bbox 392 1975 548 2007; x_wconf 81' lang='lat' dir='ltr'>trimetros</span> <span class='ocrx_word' id='word_1_357' title='bbox 568 1977 715 2007; x_wconf 85' lang='lat' dir='ltr'>iambicos</span> <span class='ocrx_word' id='word_1_358' title='bbox 739 1977 841 2008; x_wconf 86' lang='lat' dir='ltr'>refero</span> <span class='ocrx_word' id='word_1_359' title='bbox 862 1977 946 2008; x_wconf 89' lang='lat' dir='ltr'>hunc</span> <span class='ocrx_word' id='word_1_360' title='bbox 971 1986 1109 2012; x_wconf 87' lang='lat' dir='ltr'>versum,</span> <span class='ocrx_word' id='word_1_361' title='bbox 1131 1973 1315 2016; x_wconf 86' lang='lat' dir='ltr'>impeditum</span> <span class='ocrx_word' id='word_1_362' title='bbox 1327 1974 1478 2016; x_wconf 81' lang='lat' dir='ltr'>profecto,</span> <span class='ocrx_word' id='word_1_363' title='bbox 1493 1983 1592 2015; x_wconf 90' lang='lat' dir='ltr'>neque</span> <span class='ocrx_word' id='word_1_364' title='bbox 1613 1983 1632 2003; x_wconf 78' lang='lat' dir='ltr'>a</span> <span class='ocrx_word' id='word_1_365' title='bbox 1654 1970 1761 2003; x_wconf 81' lang='lat' dir='ltr'>multis</span> <span class='ocrx_word' id='word_1_366' title='bbox 1785 1977 1849 2003; x_wconf 84' lang='lat' dir='ltr'>tra·</span> 
     </span>
     <span class='ocr_line' id='line_1_34' title="bbox 228 2028 1849 2070; baseline -0.003 -9"><span class='ocrx_word' id='word_1_367' title='bbox 228 2035 355 2061; x_wconf 85' lang='lat' dir='ltr'>etatum.</span> <span class='ocrx_word' id='word_1_368' title='bbox 401 2030 587 2061; x_wconf 84' lang='lat' dir='ltr'>Duebnerus</span> <span class='ocrx_word' id='word_1_369' title='bbox 616 2031 785 2070; x_wconf 87' lang='lat' dir='ltr'>(Kritische</span> <span class='ocrx_word' id='word_1_370' title='bbox 813 2030 964 2062; x_wconf 85' lang='lat' dir='ltr'>Biblioth.</span> <span class='ocrx_word' id='word_1_371' title='bbox 1001 2030 1053 2060; x_wconf 82' lang='lat' dir='ltr'>fur</span> <span class='ocrx_word' id='word_1_372' title='bbox 1085 2029 1140 2060; x_wconf 90' lang='lat' dir='ltr'>das</span> <span class='ocrx_word' id='word_1_373' title='bbox 1171 2028 1294 2060; x_wconf 89' lang='lat' dir='ltr'>Schul-</span> <span class='ocrx_word' id='word_1_374' title='bbox 1318 2029 1383 2059; x_wconf 90' lang='lat' dir='ltr'>und</span> <span class='ocrx_word' id='word_1_375' title='bbox 1409 2028 1727 2061; x_wconf 86' lang='lat' dir='ltr'>Unterrichtswesen.</span> <span class='ocrx_word' id='word_1_376' title='bbox 1765 2028 1849 2058; x_wconf 68' lang='lat' dir='ltr'>Miirz</span> 
     </span>
     <span class='ocr_line' id='line_1_35' title="bbox 233 2079 1850 2129; baseline -0.002 -12"><span class='ocrx_word' id='word_1_377' title='bbox 233 2087 321 2128; x_wconf 82' lang='lat'>¹829.</span> <span class='ocrx_word' id='word_1_378' title='bbox 348 2098 377 2127; x_wconf 89' lang='lat' dir='ltr'>p.</span> <span class='ocrx_word' id='word_1_379' title='bbox 405 2086 511 2128; x_wconf 80' lang='lat'>139.)‚</span> <span class='ocrx_word' id='word_1_380' title='bbox 536 2085 574 2116; x_wconf 89' lang='lat' dir='ltr'>de</span> <span class='ocrx_word' id='word_1_381' title='bbox 596 2087 722 2118; x_wconf 86' lang='lat' dir='ltr'>comicis</span> <span class='ocrx_word' id='word_1_382' title='bbox 745 2087 859 2128; x_wconf 81' lang='lat' dir='ltr'>graecis</span> <span class='ocrx_word' id='word_1_383' title='bbox 881 2086 1020 2129; x_wconf 88' lang='lat' dir='ltr'>perbene</span> <span class='ocrx_word' id='word_1_384' title='bbox 1041 2086 1188 2124; x_wconf 90' lang='lat' dir='ltr'>meritus,</span> <span class='ocrx_word' id='word_1_385' title='bbox 1212 2085 1315 2116; x_wconf 90' lang='lat' dir='ltr'>locum</span> <span class='ocrx_word' id='word_1_386' title='bbox 1338 2085 1380 2116; x_wconf 87' lang='lat' dir='ltr'>sic</span> <span class='ocrx_word' id='word_1_387' title='bbox 1401 2085 1519 2123; x_wconf 84' lang='lat' dir='ltr'>laudat,</span> <span class='ocrx_word' id='word_1_388' title='bbox 1544 2082 1635 2125; x_wconf 83' lang='grc' dir='ltr'><em>λόγος</em></span> <span class='ocrx_word' id='word_1_389' title='bbox 1655 2093 1704 2120; x_wconf 82' lang='grc' dir='ltr'>τις</span> <span class='ocrx_word' id='word_1_390' title='bbox 1728 2079 1850 2124; x_wconf 71' lang='grc' dir='ltr'><em>ὖπῆλθ’</em></span> 
     </span>
     <span class='ocr_line' id='line_1_36' title="bbox 227 2133 1850 2184; baseline -0.002 -14"><span class='ocrx_word' id='word_1_391' title='bbox 227 2139 314 2182; x_wconf 74' lang='grc' dir='ltr'><strong><em>ἡμᾶς</em></strong></span> <span class='ocrx_word' id='word_1_392' title='bbox 337 2138 521 2182; x_wconf 66' lang='grc' dir='ltr'><strong><em>α’μαθῆς-</em></strong></span> <span class='ocrx_word' id='word_1_393' title='bbox 566 2141 636 2180; x_wconf 84' lang='lat' dir='ltr'>Qua</span> <span class='ocrx_word' id='word_1_394' title='bbox 661 2141 786 2183; x_wconf 87' lang='lat' dir='ltr'>quidem</span> <span class='ocrx_word' id='word_1_395' title='bbox 809 2143 965 2184; x_wconf 87' lang='lat' dir='ltr'>scriptura</span> <span class='ocrx_word' id='word_1_396' title='bbox 988 2141 1050 2171; x_wconf 89' lang='lat' dir='ltr'>viri</span> <span class='ocrx_word' id='word_1_397' title='bbox 1072 2140 1155 2170; x_wconf 84' lang='lat' dir='ltr'>docti</span> <span class='ocrx_word' id='word_1_398' title='bbox 1177 2146 1311 2170; x_wconf 86' lang='lat' dir='ltr'>mentem</span> <span class='ocrx_word' id='word_1_399' title='bbox 1334 2151 1396 2171; x_wconf 92' lang='lat' dir='ltr'>non</span> <span class='ocrx_word' id='word_1_400' title='bbox 1413 2150 1569 2182; x_wconf 84' lang='lat' dir='ltr'>assequor.</span> <span class='ocrx_word' id='word_1_401' title='bbox 1589 2176 1592 2180; x_wconf 93' lang='lat'>.</span> <span class='ocrx_word' id='word_1_402' title='bbox 1612 2138 1693 2169; x_wconf 86' lang='lat' dir='ltr'>Illud</span> <span class='ocrx_word' id='word_1_403' title='bbox 1715 2133 1850 2177; x_wconf 70' lang='grc' dir='ltr'><strong><em>ἀμαθὴς</em></strong></span> 
     </span>
     <span class='ocr_line' id='line_1_37' title="bbox 227 2191 1850 2239; baseline -0.002 -12"><span class='ocrx_word' id='word_1_404' title='bbox 227 2209 291 2227; x_wconf 85' lang='lat' dir='ltr'>non</span> <span class='ocrx_word' id='word_1_405' title='bbox 315 2197 405 2228; x_wconf 80' lang='lat' dir='ltr'>facile</span> <span class='ocrx_word' id='word_1_406' title='bbox 426 2197 592 2238; x_wconf 85' lang='lat' dir='ltr'>quisquam</span> <span class='ocrx_word' id='word_1_407' title='bbox 613 2208 683 2227; x_wconf 92' lang='lat' dir='ltr'>cum</span> <span class='ocrx_word' id='word_1_408' title='bbox 704 2193 795 2236; x_wconf 82' lang='grc' dir='ltr'><em>λόγος</em></span> <span class='ocrx_word' id='word_1_409' title='bbox 817 2199 1002 2239; x_wconf 80' lang='lat' dir='ltr'>coniungat,</span> <span class='ocrx_word' id='word_1_410' title='bbox 1023 2209 1040 2227; x_wconf 88' lang='lat' dir='ltr'>a</span> <span class='ocrx_word' id='word_1_411' title='bbox 1063 2207 1126 2237; x_wconf 84' lang='lat' dir='ltr'>quo</span> <span class='ocrx_word' id='word_1_412' title='bbox 1147 2202 1192 2227; x_wconf 88' lang='lat' dir='ltr'>est</span> <span class='ocrx_word' id='word_1_413' title='bbox 1212 2197 1303 2227; x_wconf 90' lang='lat' dir='ltr'>nimis</span> <span class='ocrx_word' id='word_1_414' title='bbox 1325 2202 1504 2234; x_wconf 70' lang='lat' dir='ltr'>remotum,</span> <span class='ocrx_word' id='word_1_415' title='bbox 1531 2191 1563 2226; x_wconf 79' lang='lat' dir='ltr'>a&#39;t</span> <span class='ocrx_word' id='word_1_416' title='bbox 1591 2206 1628 2226; x_wconf 90' lang='lat' dir='ltr'>eo</span> <span class='ocrx_word' id='word_1_417' title='bbox 1649 2194 1719 2236; x_wconf 90' lang='lat' dir='ltr'>plus</span> <span class='ocrx_word' id='word_1_418' title='bbox 1742 2198 1850 2223; x_wconf 87' lang='lat' dir='ltr'>aucto-</span> 
     </span>
     <span class='ocr_line' id='line_1_38' title="bbox 227 2246 1849 2294; baseline -0.003 -12"><span class='ocrx_word' id='word_1_419' title='bbox 227 2251 329 2282; x_wconf 85' lang='lat' dir='ltr'>ritatis</span> <span class='ocrx_word' id='word_1_420' title='bbox 340 2262 397 2282; x_wconf 87' lang='lat' dir='ltr'>vox</span> <span class='ocrx_word' id='word_1_421' title='bbox 413 2246 622 2291; x_wconf 78' lang='grc' dir='ltr'><em>συβάυβαλος</em></span> <span class='ocrx_word' id='word_1_422' title='bbox 637 2251 834 2283; x_wconf 85' lang='lat' dir='ltr'>nanciscitur.</span> <span class='ocrx_word' id='word_1_423' title='bbox 847 2252 1020 2286; x_wconf 83' lang='lat' dir='ltr'>Runkelius</span> <span class='ocrx_word' id='word_1_424' title='bbox 1030 2250 1275 2294; x_wconf 65' lang='lat' dir='ltr'>(Gratimfragrn.</span> <span class='ocrx_word' id='word_1_425' title='bbox 1287 2262 1317 2294; x_wconf 90' lang='lat' dir='ltr'>p.</span> <span class='ocrx_word' id='word_1_426' title='bbox 1325 2250 1376 2292; x_wconf 82' lang='lat'>88)</span> <span class='ocrx_word' id='word_1_427' title='bbox 1393 2262 1490 2294; x_wconf 89' lang='lat' dir='ltr'>quum</span> <span class='ocrx_word' id='word_1_428' title='bbox 1500 2249 1560 2282; x_wconf 89' lang='lat' dir='ltr'>hoc</span> <span class='ocrx_word' id='word_1_429' title='bbox 1574 2249 1783 2292; x_wconf 81' lang='lat' dir='ltr'>fragmentum</span> <span class='ocrx_word' id='word_1_430' title='bbox 1798 2257 1849 2278; x_wconf 85' lang='lat' dir='ltr'>ex-</span> 
     </span>
    </p>
   </div>
  </div>
 </body>
</html>
